% Encoding: UTF-8

@String { aaai        = {AAAI Conference on Artificial Intelligence (AAAI)} }
@String { aamas       = {International Conference on Autonomous Agents and Multiagent Systems (AAMAS)} }
@String { acc         = {American Control Conference (ACC)} }
@String { aiaa_info   = {AIAA Infotech@Aerospace Conference} }
@String { aiaa_jacic  = {Journal of Aerospace Computing, Information, and Communication} }
@String { allerton    = {Allerton Conference on Communication, Control, and Compution} }
@String { atio        = {AIAA Aviation Technology, Integration, and Operations Conference (ATIO)} }
@String { cacm        = {Communications of the ACM} }
@String { cdc         = {IEEE Conference on Decision and Control (CDC)} }
@String { cvpr        = {IEEE Computer Society Conference on Computer Vision and Pattern Recognition (CVPR)} }
@String { dasc        = {Digital Avionics Systems Conference (DASC)} }
@String { ecml        = {European Conference on Machine Learning (ECML)} }
@String { gnc         = {AIAA Guidance, Navigation, and Control Conference (GNC)} }
@String { icaart      = {International Conference on Agents and Artificial Intelligence (ICAART)} }
@String { icassp      = {International Conference on Acoustics, Speech, and Signal Processing (ICASSP)} }
@String { icml        = {International Conference on Machine Learning (ICML)} }
@String { icmla       = {International Conference on Machine Learning and Applications (ICMLA)} }
@String { icra        = {IEEE International Conference on Robotics and Automation (ICRA)} }
@String { icslp       = {International Conference on Spoken Language Processing (ICSLP)} }
@String { ieee_csm    = {IEEE Control Systems Magazine} }
@String { ieee_j_ac   = {IEEE Transactions on Automatic Control} }
@String { ieeeaero    = {IEEE Aerospace Conference} }
@String { ieeeciaig   = {IEEE Transactions on Computational Intelligence and AI in Games} }
@String { ieeecst     = {IEEE Transactions on Control Systems Technology} }
@String { ieeetac     = {IEEE Transactions on Automatic Control} }
@String { ieeetsp     = {IEEE Transactions on Signal Processing} }
@String { ijcai       = {International Joint Conference on Artificial Intelligence (IJCAI)} }
@String { interspeech = {Annual Conference of the International Speech Communication Association (INTERSPEECH)} }
@String { iros        = {IEEE/RSJ International Conference on Intelligent Robots and Systems (IROS)} }
@String { itsc        = {IEEE International Conference on Intelligent Transportation Systems (ITSC)} }
@String { jair        = {Journal of Artificial Intelligence Research} }
@String { jgcd        = {AIAA Journal on Guidance, Control, and Dynamics} }
@String { jmlr        = {Journal of Machine Learning} }
@String { jota        = {Journal of Optimization Theory and Applications} }
@String { jstor       = {Journal of the American Statistical Association} }
@String { lion        = {Learning and Intelligent Optimization (LION)} }
@String { mit         = {Massachusetts Institute of Technology} }
@String { mitaa       = {Massachusetts Institute of Technology, Department of Aeronautics and Astronautics} }
@String { mitee       = {Massachusetts Institute of Technology, Department of Electrical Engineering and Computer Science} }
@String { mitme       = {Massachusetts Institute of Technology, Department of Mechanical Engineering} }
@String { mitpress    = {MIT Press}}
@String { mor         = {Mathematics of Operations Research} }
@String { nips        = {Advances in Neural Information Processing Systems (NIPS)} }
@String { or          = {Operations Research} }
@String { rss         = {Robotics: Science and Systems} }
@String { sigcomm     = {ACM Special Interest Group on Data Communication (SIGCOMM)} }
@String { springer    = {Springer}}
@String { suaa        = {Stanford University, Department of Aeronautics and Astronautics} }
@String { suee        = {Stanford University, Department of Electrical Engineering} }
@String { sume        = {Stanford University, Department of Mechanical Engineering} }
@String { tac         = {IEEE Transactions on Automatic Control} }
@String { tacas       = {International Conference on Tools and Algorithms for the Construction and Analysis of Systems (TACAS)} }
@String { taes        = {IEEE Transactions on Aerospace and Electronic Systems} }
@String { toms        = {ACM Transactions on Mathematical Software} }
@String { uai         = {Conference on Uncertainty in Artificial Intelligence (UAI)} }
@String { wiley       = {Wiley}}

@Book{kochenderfer2019algorithms,
  Title     = {Algorithms for Optimization},
  Author    = {Kochenderfer, Mykel J. and Wheeler, Tim A.},
  Publisher = mitpress,
  Year      = {2019},
  ISBN      = {9780262039420}
}

@Article{Acikmese2013,
  Title                    = {Lossless Convexification of Nonconvex Control Bound and Pointing Constraints of the Soft Landing Optimal Control Problem},
  Author                   = {A\c{c}ikme\c{s}e, Beh\c{c}et and Carson, John M. III and Blackmore, Lars},
  Journal                  = ieeecst,
  Year                     = {2013},
  Number                   = {6},
  Pages                    = {2104--2113},
  Volume                   = {21}
}

@Conference{Bethke2008,
  Title                    = {Group health management of {UAV} teams with applications to persistent surveillance},
  Author                   = {Bethke, B. and How, J. P. and Vian, J.},
  Booktitle                = acc,
  Year                     = {2008},

  Address                  = {Seattle, WA},
  Month                    = {11-13 June},
  Pages                    = {3145-3150},

  Bdsk-url-1               = {http://acl.mit.edu/papers/acc-fuel-2008-bbethke.pdf},
  Bdsk-url-online-1        = {10.1109/ACC.2008.4586976},
  Date-added               = {2011-04-02 08:44:34 -0400},
  Date-modified            = {2011-04-02 08:44:34 -0400},
  ISBN                     = {0743-1619},
  Keywords                 = {aircraft control; mobile robots; multi-robot systems; remotely operated vehicles; autonomous mission system; border patrol; group health management; military surveillance; mission system design; persistent surveillance; search and rescue; unmanned aerial vehicles; decision making},
  Owner                    = {MY20473},
  Timestamp                = {2012.05.25},
  Ty                       = {CONF},
  Url                      = {http://acl.mit.edu/papers/acc-fuel-2008-bbethke.pdf},
  Url-online               = {10.1109/ACC.2008.4586976}
}

@MastersThesis{Krige1951,
  Title                    = {A statistical approach to some mine valuation and allied problems on the {Witwatersrand}},
  Author                   = {Krige, D G},
  School                   = {University of Witwatersrand},
  Year                     = {1951}
}

@PhdThesis{Kochenderfer2006,
  Title                    = {Adaptive Modelling and Planning for Learning Intelligent Behaviour},
  Author                   = {Mykel J. Kochenderfer},
  School                   = {University of Edinburgh},
  Year                     = {2006},

  Owner                    = {MY20473},
  Quality                  = {1},
  Timestamp                = {2012.12.29}
}

@InCollection{Bader2004,
  Title                    = {Parallel Algorithm Design for Branch and Bound},
  author                   = {Bader, David A and Hart, William E and Phillips, Cynthia A},
  booktitle                = {Tutorials on Emerging Methodologies and Applications in Operations Research},
  Editor                   = {Greenberg, H J},
  Publisher                = {Kluwer Academic Press},
  Year                     = {2004}
}

@InProceedings{Bethke2009,
  Title                    = {Multi-{UAV} Persistent Surveillance with Communication Constraints and Health Management},
  Author                   = {Bethke, B. and How, J. P. and Vian, J.},
  Booktitle                = gnc,
  Year                     = {2009},
  Month                    = aug,

  Date-added               = {2011-04-18 10:04:12 -0400},
  Date-modified            = {2011-08-06 07:41:29 -0400},
  Keywords                 = {decision making},
  Owner                    = {MY20473},
  Timestamp                = {2013.09.12}
}

@TechReport{Andrews1981,
  Title                    = {An Improved Technique for Altitude Tracking of Aircraft},
  Author                   = {John W. Andrews},
  Institution              = {Massachusetts Institute of Technology, Lincoln Laboratory},
  Year                     = {1981},
  Month                    = mar,
  Number                   = {ATC-105},
  Type                     = {Project Report},

  Owner                    = {MY20473},
  Timestamp                = {2012.03.01}
}

@Comment{jabref-meta: databaseType:biblatex;}


%%% CS 109: Probability for Computer Scientists
@book{ross2006first,
  title={A first course in probability},
  author={Ross, Sheldon M and others},
  volume={7},
  year={2006}
}

% K. Rosen, Discrete Mathematics and its Applications, 6th Ed., New York: McGraw-Hill, 2007.
@book{rosen2007discrete,
  title={Discrete Mathematics and its Applications},
  author={K. Rosen},
  volume={6},
  year={2007}
}



%%% AST


@ARTICLE{monte_carlo,
       author = {{Bird}, G.~A.},
        title = {{Monte-Carlo simulation in an engineering context}},
      journal = {Progress in Astronautics and Aeronautics},
     keywords = {Computational Fluid Dynamics, Computerized Simulation, Fluid Flow, Kinetic Theory, Mechanical Engineering, Monte Carlo Method, Computer Programs, Mathematical Models, Minicomputers, Molecular Collisions, Thermodynamics and Statistical Physics},
         year = {1981},
        month = {1},
       volume = {74},
        pages = {239-255},
       adsurl = {https://ui.adsabs.harvard.edu/abs/1981PrAA...74..239B},
      adsnote = {Provided by the SAO/NASA Astrophysics Data System}
}



@INPROCEEDINGS{ast_acasx,
author={Ritchie Lee and Mykel J. Kochenderfer and Ole J. Mengshoel and Guillaume P. Brat and Michael P. Owen},
booktitle={{IEEE/AIAA Digital Avionics Systems Conference (DASC)}},
title={Adaptive stress testing of airborne collision avoidance systems},
year={2015},
volume={},
number={},
ISSN={2155-7209},
month={9},
doi={10.1109/DASC.2015.7311450}
}



@inbook{dast_acasx,
author = {Ritchie Lee and Ole Mengshoel and Anshu Saksena and Ryan Gardner and Daniel Genin and Jeffrey Brush and Mykel J. Kochenderfer},
title = {Differential Adaptive Stress Testing of Airborne Collision Avoidance Systems},
booktitle = {AIAA Modeling and Simulation Technologies Conference},
chapter = {},
pages = {},
year={2018},
doi = {10.2514/6.2018-1923}
}

@inproceedings{lee2018differential,
  title={Differential adaptive stress testing of airborne collision avoidance systems},
  author={Lee, Ritchie and Mengshoel, Ole and Saksena, Anshu and Gardner, Ryan and Genin, Daniel and Brush, Jeffrey and Kochenderfer, Mykel J},
  booktitle={AIAA Modeling and Simulation Technologies Conference},
  pages={1923},
  year={2018}
}

@incollection{ast_safety,
  title={Adaptive Stress Testing of Safety-Critical Systems},
  author={Lee, Ritchie and Mengshoel, Ole J and Kochenderfer, Mykel J},
  booktitle={Safe, Autonomous and Intelligent Vehicles},
  pages={77--95},
  year={2019},
  publisher={Springer}
}

@inproceedings{ast_traj_plan,
  title={Adaptive Stress Testing of Trajectory Planning Systems},
  author={Lee, Ritchie and Puig-Navarro, Javier and Agogino, Adrian K and Giannakoupoulou, Dimitra and Mengshoel, Ole J and Kochenderfer, Mykel J and Allen, B Danette},
  booktitle={AIAA Scitech Forum},
  pages={1454},
  year={2019}
}

@phdthesis{lee_thesis,
  title={{AdaStress}: Adaptive Stress Testing and Interpretable Categorization for Safety-Critical Systems},
  author={Lee, Ritchie},
  year={2019},
  school={Carnegie Mellon University}
}

@article{trustworthy_ai,
  title={Efficient Black-box Assessment of Autonomous Vehicle Safety},
  author={Norden, Justin and O'Kelly, Matthew and Sinha, Aman},
  journal={arXiv preprint arXiv:1912.03618},
  year={2019}
}

@INPROCEEDINGS{fms,
author={S. {Liden}},
booktitle={AIAA/IEEE Digital Avionics Systems Conference (DASC)},
title={The evolution of Flight Management Systems},
year={1994},
volume={},
number={},
pages={157-169},
keywords={aircraft computers;decision support systems;aircraft displays;computerised navigation;flight management;commercial aircraft;avionic equipment;757/767 systems;747-400;MD-80;MD-90;A310/A300-A600;A320-A321;ARINC 739;A330/A340;Aircraft;Aerospace electronics;Crisis management;Computer displays;Cost function;Fuels;Software design;Navigation;Computer interfaces;Aerospace industry},
doi={10.1109/DASC.1994.369487},
ISSN={null},
month={10},}

@incollection{fms_workload,
  title={Flight deck automation and pilot workload},
  author={Roscoe, Alan H},
  booktitle={Vigilance and performance in automatized systems/vigilance et performance de l’Homme dans les syst{\`e}mes automatis{\'e}s},
  pages={111--122},
  year={1989},
  publisher={Springer}
}

@inproceedings{mcts_ucb,
  title={Continuous upper confidence trees},
  author={Cou{\"e}toux, Adrien and Hoock, Jean-Baptiste and Sokolovska, Nataliya and Teytaud, Olivier and Bonnard, Nicolas},
  booktitle={International Conference on Learning and Intelligent Optimization},
  pages={433--445},
  year={2011},
  organization={Springer}
}

@misc{mcts_wildfire,
    title={A Comparison of {Monte Carlo} Tree Search and Mathematical Optimization for Large Scale Dynamic Resource Allocation},
    author={Dimitris Bertsimas and J. Daniel Griffith and Vishal Gupta and Mykel J. Kochenderfer and Velibor V. Mišić and Robert Moss},
    year={2014},
    eprint={1405.5498},
    archivePrefix={arXiv},
}


@article{arch_comp,
  title={{ARCH-COMP} 2019 category report: falsification},
  author={Ernst, Gidon and Arcaini, Paolo and Donze, Alexandre and Fainekos, Georgios and Mathesen, Logan and Pedrielli, Giulia and Yaghoubi, Shakiba and Yamagata, Yoriyuki and Zhang, Zhenya},
  journal={EPiC Series in Computing},
  volume={61},
  pages={129--140},
  year={2019},
  publisher={EasyChair}
}


@article{pomdps_jl,
  author  = {Maxim Egorov and Zachary N. Sunberg and Edward Balaban and Tim A. Wheeler and Jayesh K. Gupta and Mykel J. Kochenderfer},
  title   = {{POMDP}s.jl: A Framework for Sequential Decision Making under Uncertainty},
  journal = {Journal of Machine Learning Research},
  year    = {2017},
  volume  = {18},
  number  = {26},
  pages   = {1-5}
}

@article{vincenty,
  title={Direct and inverse solutions of geodesics on the ellipsoid with application of nested equations},
  author={Vincenty, Thaddeus},
  journal={Survey review},
  volume={23},
  number={176},
  pages={88--93},
  year={1975},
  publisher={Taylor \& Francis}
}

@inproceedings{bayes_opt,
  title={Generating adversarial driving scenarios in high-fidelity simulators},
  author={Abeysirigoonawardena, Yasasa and Shkurti, Florian and Dudek, Gregory},
  booktitle={International Conference on Robotics and Automation (ICRA)},
  pages={8271--8277},
  year={2019},
  organization={IEEE}
}

@inproceedings{hill_climbing,
  title={Multi-armed Bandits for Boolean Connectives in Hybrid System Falsification},
  author={Zhang, Zhenya and Hasuo, Ichiro and Arcaini, Paolo},
  booktitle={International Conference on Computer Aided Verification},
  pages={401--420},
  year={2019},
  organization={Springer}
}

@article{rrts,
  title={Rapidly-exploring random trees-based test generation for autonomous vehicles},
  author={Tuncali, Cumhur Erkan and Fainekos, Georgios},
  journal={arXiv preprint arXiv:1903.10629},
  year={2019}
}

@inproceedings{bootstrap,
  title={Analyzing neighborhoods of falsifying traces in cyber-physical systems},
  author={Diwakaran, Ram Das and Sankaranarayanan, Sriram and Trivedi, Ashutosh},
  booktitle={International Conference on Cyber-Physical Systems},
  pages={109--119},
  year={2017}
}

@article{mc_limitations,
  title={Improvements to and limitations of {Latin} hypercube sampling},
  author={Huntington, DE and Lyrintzis, CS},
  journal={Probabilistic engineering mechanics},
  volume={13},
  number={4},
  pages={245--253},
  year={1998},
  publisher={Elsevier}
}

@misc{corso2020survey,
    title={A Survey of Algorithms for Black-Box Safety Validation},
    author={Anthony Corso and Robert J. Moss and Mark Koren and Ritchie Lee and Mykel J. Kochenderfer},
    year={2020},
    eprint={2005.02979},
    archivePrefix={arXiv},
}

@misc{lee2018adaptive,
    title={Adaptive Stress Testing: Finding Likely Failure Events with Reinforcement Learning},
    author={Ritchie Lee and Ole J. Mengshoel and Anshu Saksena and Ryan Gardner and Daniel Genin and Joshua Silbermann and Michael Owen and Mykel J. Kochenderfer},
    year={2018},
    eprint={1811.02188},
    archivePrefix={arXiv},
}

@article{silver2016mastering,
  title={Mastering the game of {Go} with deep neural networks and tree search},
  author={Silver, David and Huang, Aja and Maddison, Chris J and Guez, Arthur and Sifre, Laurent and Van Den Driessche, George and Schrittwieser, Julian and Antonoglou, Ioannis and Panneershelvam, Veda and Lanctot, Marc and others},
  journal={Nature},
  volume={529},
  number={7587},
  pages={484--489},
  year={2016},
  publisher={Nature Publishing Group}
}

@inproceedings{coulom2006efficient,
  title={{Efficient selectivity and backup operators in Monte-Carlo tree search}},
  author={Coulom, R{\'e}mi},
  booktitle={International conference on computers and games},
  pages={72--83},
  year={2006},
  organization={Springer}
}

@Book{dmubook,
  author    = {Mykel J. Kochenderfer},
  title     = {Decision Making Under Uncertainty: Theory and Application},
  year      = {2015},
  publisher = {MIT Press},
}

@article{rubinstein1999cross,
  title={The cross-entropy method for combinatorial and continuous optimization},
  author={Rubinstein, Reuven},
  journal={Methodology and Computing in Applied Probability},
  volume={1},
  number={2},
  pages={127--190},
  year={1999},
  publisher={Springer}
}


@book{rubinstein2004cross,
  title={The Cross-Entropy Method: A Unified Approach to Combinatorial Optimization, {Monte-Carlo} Simulation and Machine Learning},
  author={Rubinstein, Reuven Y and Kroese, Dirk P},
  year={2004},
  publisher={Springer}
}

@article{ll_wildfire,
  title={Automated dynamic resource allocation for wildfire suppression},
  author={Griffith, J. Daniel and Kochenderfer, Mykel J. and Moss, Robert J. and Mi{\v{s}}i{\'c}, Velibor V. and Gupta, Vishal and Bertsimas, Dimitris},
  journal={Lincoln Laboratory Journal},
  volume={22},
  number={2},
  year={2017}
}

@book{sutton2018reinforcement,
  title={Reinforcement learning: An introduction},
  author={Sutton, Richard S and Barto, Andrew G},
  year={2018},
  publisher={MIT Press}
}

@inproceedings{chaslot2007progressive,
  title={Progressive strategies for {Monte-Carlo} tree search},
  author={Chaslot, GMJB and Winands, Mark and Uiterwijk, JWHM and Van Den Herik, H and Bouzy, Bruno},
  booktitle={Joint Conference on Information Sciences (JCIS)},
  pages={655--661},
  year={2007}
}

@article{abbas2013probabilistic,
  title={Probabilistic temporal logic falsification of cyber-physical systems},
  author={Abbas, Houssam and Fainekos, Georgios and Sankaranarayanan, Sriram and Ivan{\v{c}}i{\'c}, Franjo and Gupta, Aarti},
  journal={ACM Transactions on Embedded Computing Systems (TECS)},
  volume={12},
  number={2s},
  pages={1--30},
  year={2013},
  publisher={ACM New York, NY, USA}
}


@inproceedings{aerts2018temporal,
  title={Temporal logic falsification of cyber-physical systems: An input-signal-space optimization approach},
  author={Aerts, Arend and Minh, Bryan Tong and Mousavi, Mohammad Reza and Reniers, Michel A},
  booktitle={IEEE International Conference on Software Testing, Verification and Validation Workshops (ICSTW)},
  pages={214--223},
  year={2018},
  organization={IEEE}
}
