% Encoding: UTF-8
@String { aaai        = {AAAI Conference on Artificial Intelligence (AAAI)} }
@String { aamas       = {International Conference on Autonomous Agents and Multiagent Systems (AAMAS)} }
@String { acc         = {American Control Conference (ACC)} }
@String { aiaa_info   = {AIAA Infotech@Aerospace Conference} }
@String { aiaa_is     = {AIAA Scitech Intelligent Systems Conference (IS)} }
@String { aiaa_jacic  = {Journal of Aerospace Computing, Information, and Communication} }
@String { allerton    = {Allerton Conference on Communication, Control, and Compution} }
@String { atio        = {AIAA Aviation Technology, Integration, and Operations Conference (ATIO)} }
@String { cacm        = {Communications of the ACM} }
@String { cav         = {International Conference on Computer Aided Verification (CAV)} }
@String { cdc         = {IEEE Conference on Decision and Control (CDC)} }
@String { cvpr        = {IEEE Computer Society Conference on Computer Vision and Pattern Recognition (CVPR)} }
@String { dasc        = {Digital Avionics Systems Conference (DASC)} }
@String { ecml        = {European Conference on Machine Learning (ECML)} }
@String { fm          = {International Symposium on Formal Methods (FM)} }
@String { gnc         = {AIAA Guidance, Navigation, and Control Conference (GNC)} }
@String { hscc        = {ACM International Conference on Hybrid Systems: Computation and Control (HSCC)} }
@String { icaart      = {International Conference on Agents and Artificial Intelligence (ICAART)} }
@String { icaps       = {International Conference on Automated Planning and Scheduling (ICAPS)} }
@String { icassp      = {International Conference on Acoustics, Speech, and Signal Processing (ICASSP)} }
@String { iccps       = {International Conference on Cyber-Physical Systems (ICCPS)} }
@String { iclr        = {International Conference on Learning Representations} }
@String { icml        = {International Conference on Machine Learning (ICML)} }
@String { icmla       = {International Conference on Machine Learning and Applications (ICMLA)} }
@String { icra        = {IEEE International Conference on Robotics and Automation (ICRA)} }
@String { icslp       = {International Conference on Spoken Language Processing (ICSLP)} }
@String { ieee_csm    = {IEEE Control Systems Magazine} }
@String { ieee_j_ac   = {IEEE Transactions on Automatic Control} }
@String { ieeeaero    = {IEEE Aerospace Conference} }
@String { ieeeciaig   = {IEEE Transactions on Computational Intelligence and AI in Games} }
@String { ieeecst     = {IEEE Transactions on Control Systems Technology} }
@String { ieeetac     = {IEEE Transactions on Automatic Control} }
@String { ieeetsp     = {IEEE Transactions on Signal Processing} }
@String { ijcai       = {International Joint Conference on Artificial Intelligence (IJCAI)} }
@String { interspeech = {Annual Conference of the International Speech Communication Association (INTERSPEECH)} }
@String { iros        = {IEEE/RSJ International Conference on Intelligent Robots and Systems (IROS)} }
@String { itsc        = {IEEE International Conference on Intelligent Transportation Systems (ITSC)} }
@String { iv          = {IEEE Intelligent Vehicles Symposium (IV)} }
@String { jair        = {Journal of Artificial Intelligence Research} }
@String { jgcd        = {AIAA Journal of Guidance, Control, and Dynamics} }
@String { jmlr        = {Journal of Machine Learning Research} }
@String { joss        = {Journal of Open Source Software} }
@String { jota        = {Journal of Optimization Theory and Applications} }
@String { lion        = {Learning and Intelligent Optimization (LION)} }
@String { mit         = {Massachusetts Institute of Technology} }
@String { mitpress    = {MIT Press} }
@String { mitaa       = {Massachusetts Institute of Technology, Department of Aeronautics and Astronautics} }
@String { mitee       = {Massachusetts Institute of Technology, Department of Electrical Engineering and Computer Science} }
@String { mitme       = {Massachusetts Institute of Technology, Department of Mechanical Engineering} }
@String { mor         = {Mathematics of Operations Research} }
@String { nfm         = {NASA Formal Methods Symposium (NFM)} }
@String { nips        = {Advances in Neural Information Processing Systems (NIPS)} }
@String { neurips     = {Advances in Neural Information Processing Systems (NIPS)} }
@String { or          = {Operations Research} }
@String { rss         = {Robotics: Science and Systems} }
@String { sigcomm     = {ACM Special Interest Group on Data Communication (SIGCOMM)} }
@String { suaa        = {Stanford University, Department of Aeronautics and Astronautics} }
@String { suee        = {Stanford University, Department of Electrical Engineering} }
@String { sume        = {Stanford University, Department of Mechanical Engineering} }
@String { tac         = {IEEE Transactions on Automatic Control} }
@String { tacas       = {International Conference on Tools and Algorithms for the Construction and Analysis of Systems (TACAS)} }
@String { taes        = {IEEE Transactions on Aerospace and Electronic Systems} }
@String { tecs        = {ACM Transactions on Embedded Computing Systems (TECS)} }
@String { uai         = {Conference on Uncertainty in Artificial Intelligence (UAI)} }
@String { arxiv       = {arXiv} }


@article{abbas2013probabilistic,
  title     = {Probabilistic Temporal Logic Falsification of Cyber-Physical Systems},
  author    = {Abbas, Houssam and Fainekos, Georgios and Sankaranarayanan, Sriram and Ivan{\v{c}}i{\'c}, Franjo and Gupta, Aarti},
  journal   = tecs,
  volume    = {12},
  number    = {2s},
  pages     = {1--30},
  year      = {2013},
  publisher = {ACM New York, NY, USA},
  doi       = {10.1145/2465787.2465797},
}


@incollection{NIPS2015_5672,
  title     = {Model-Based Relative Entropy Stochastic Search},
  author    = {Abdolmaleki, Abbas and Lioutikov, Rudolf and Peters, Jan R. and Lau, Nuno and Pualo Reis, Luis and Neumann, Gerhard},
  booktitle = nips,
  pages     = {3537--3545},
  year      = {2015},
}


@inproceedings{bayes_opt,
  title        = {Generating Adversarial Driving Scenarios in High-Fidelity Simulators},
  author       = {Abeysirigoonawardena, Yasasa and Shkurti, Florian and Dudek, Gregory},
  booktitle    = icra,
  pages        = {8271--8277},
  year         = {2019},
  organization = {IEEE},
  doi          = {10.1109/ICRA.2019.8793740},
}


@inproceedings{aerts2018temporal,
  title        = {Temporal Logic Falsification of Cyber-Physical Systems: An Input-Signal-Space Optimization Approach},
  author       = {Aerts, Arend and Minh, Bryan Tong and Mousavi, Mohammad Reza and Reniers, Michel A.},
  booktitle    = {IEEE International Conference on Software Testing, Verification and Validation Workshops (ICSTW)},
  pages        = {214--223},
  year         = {2018},
  organization = {IEEE},
  doi          = {10.1109/ICSTW.2018.00052},
}


@article{aitkin1980mixture,
  title     = {Mixture Models, Outliers, and the EM Algorithm},
  author    = {Aitkin, Murray and Wilson, Granville Tunnicliffe},
  journal   = {Technometrics},
  volume    = {22},
  number    = {3},
  pages     = {325--331},
  year      = {1980},
  publisher = {Taylor \& Francis Group},
  doi       = {10.2307/1268316},
}


@inproceedings{annapureddy2011staliro,
  title        = {{S-TaLiRo}: A Tool for Temporal Logic Falsification for Hybrid Systems},
  author       = {Annapureddy, Yashwanth and Liu, Che and Fainekos, Georgios and Sankaranarayanan, Sriram},
  booktitle    = tacas,
  pages        = {254--257},
  year         = {2011},
  organization = {Springer},
  doi          = {10.1007/978-3-642-19835-9_21},
}


@inproceedings{bardenet2010surrogating,
  title     = {Surrogating the Surrogate: Accelerating Gaussian-Process-Based Global Optimization with a Mixture Cross-Entropy Algorithm},
  author    = {Bardenet, R{\'e}mi and K{\'e}gl, Bal{\'a}zs},
  booktitle = icml,
  pages     = {55--62},
  year      = {2010},
  doi       = {10.5555/3104322.3104331},
}


@misc{mcts_wildfire,
    title         = {A Comparison of {Monte Carlo} Tree Search and Mathematical Optimization for Large Scale Dynamic Resource Allocation},
    author        = {Dimitris Bertsimas and J. Daniel Griffith and Vishal Gupta and Mykel J. Kochenderfer and Velibor V. Mišić and Robert Moss},
    year          = {2014},
    eprint        = {1405.5498},
    archivePrefix = arxiv,
}


@article{distributions.jl,
    author        = {{Besan{\c{c}}on}, Mathieu and {Anthoff}, David and {Arslan}, Alex and
    {Byrne}, Simon and {Lin}, Dahua and {Papamarkou}, Theodore and
    {Pearson}, John},
    title         = {Distributions.jl: Definition and Modeling of Probability Distributions in the JuliaStats Ecosystem},
    year          = {2019},
    month         = {7},
    archivePrefix = arxiv,
    eprint        = {1907.08611},
}


@article{bezanson2017julia,
  title     = {Julia: A Fresh Approach to Numerical Computing},
  author    = {Jeff Bezanson and Alan Edelman and Stefan Karpinski and Viral B. Shah},
  journal   = {{SIAM Review}},
  volume    = {59},
  number    = {1},
  pages     = {65--98},
  year      = {2017},
  publisher = {SIAM},
  doi       = {10.1137/141000671}
}


@article{monte_carlo,
  author  = {{Bird}, G. A.},
  title   = {{Monte-Carlo} Simulation in an Engineering Context},
  journal = {Progress in Astronautics and Aeronautics},
  year    = {1981},
  month   = {1},
  volume  = {74},
  pages   = {239-255},
  doi     = {10.2514/5.9781600865480.0239.0255},
}


@article{gym,
  title         = {{OpenAI} gym},
  author        = {Brockman, Greg and Cheung, Vicki and Pettersson, Ludwig and Schneider, Jonas and Schulman, John and Tang, Jie and Zaremba, Wojciech},
  archivePrefix = arxiv,
  eprint        = {1606.01540},
  year          = {2016},
}


@inproceedings{chaslot2007progressive,
  title     = {Progressive Strategies for {Monte-Carlo} Tree Search},
  author    = {Chaslot, G. M. J. B. and Winands, Mark and Uiterwijk, J. W. H. M. and Van Den Herik, H. and Bouzy, Bruno},
  booktitle = {Joint Conference on Information Sciences (JCIS)},
  pages     = {655--661},
  year      = {2007},
  doi       = {10.1142/S1793005708001094},
}


@misc{corso2020survey,
    title         = {A Survey of Algorithms for Black-Box Safety Validation},
    author        = {Anthony Corso and Robert J. Moss and Mark Koren and Ritchie Lee and Mykel J. Kochenderfer},
    year          = {2020},
    eprint        = {2005.02979},
    archivePrefix = arxiv,
}


@inproceedings{mcts_ucb,
  title        = {Continuous Upper Confidence Trees},
  author       = {Cou{\"e}toux, Adrien and Hoock, Jean-Baptiste and Sokolovska, Nataliya and Teytaud, Olivier and Bonnard, Nicolas},
  booktitle    = {International Conference on Learning and Intelligent Optimization},
  pages        = {433--445},
  year         = {2011},
  organization = {Springer},
  doi          = {10.1007/978-3-642-25566-3_32}
}


@inproceedings{coulom2006efficient,
  title        = {Efficient Selectivity and Backup Operators in {Monte-Carlo} Tree Search},
  author       = {Coulom, R{\'e}mi},
  booktitle    = {International conference on computers and games},
  pages        = {72--83},
  year         = {2006},
  organization = {Springer},
  doi          = {10.1007/978-3-540-75538-8_7},
}


@article{de2005tutorial,
  title     = {A Tutorial on the Cross-Entropy Method},
  author    = {De Boer, Pieter-Tjerk and Kroese, Dirk P. and Mannor, Shie and Rubinstein, Reuven Y.},
  journal   = {{Annals of Operations Research}},
  volume    = {134},
  number    = {1},
  pages     = {19--67},
  year      = {2005},
  publisher = {Springer},
  doi       = {10.1007/s10479-005-5724-z},
}


@article{dempster1977maximum,
  title     = {Maximum Likelihood from Incomplete Data via the {EM} Algorithm},
  author    = {Dempster, Arthur P. and Laird, Nan M. and Rubin, Donald B.},
  journal   = {Journal of the Royal Statistical Society: Series B (Methodological)},
  volume    = {39},
  number    = {1},
  pages     = {1--22},
  year      = {1977},
  publisher = {Wiley Online Library},
  doi       = {10.1111/j.2517-6161.1977.tb01600.x},
}


@inproceedings{diwakaran2017analyzing,
  title     = {Analyzing Neighborhoods of Falsifying Traces in Cyber-Physical Systems},
  author    = {Diwakaran, Ram Das and Sankaranarayanan, Sriram and Trivedi, Ashutosh},
  booktitle = iccps,
  pages     = {109--119},
  year      = {2017},
  doi       = {10.1145/3055004.3055029},
}


@inproceedings{breach,
  title        = {Breach, A Toolbox for Verification and Parameter Synthesis of Hybrid Systems},
  author       = {Donz\'{e}, Alexandre},
  booktitle    = cav,
  pages        = {167--170},
  year         = {2010},
  organization = {Springer},
  doi          = {10.1007/978-3-642-14295-6_17},
}


@article{pomdps_jl,
  author  = {Maxim Egorov and Zachary N. Sunberg and Edward Balaban and Tim A. Wheeler and Jayesh K. Gupta and Mykel J. Kochenderfer},
  title   = {{POMDP}s.jl: A Framework for Sequential Decision Making under Uncertainty},
  journal = jmlr,
  year    = {2017},
  volume  = {18},
  number  = {26},
  pages   = {1-5},
  doi     = {10.5555/3122009.3122035},
}


@article{ernst2019arch,
  title     = {ARCH-COMP 2019 Category Report: Falsification},
  author    = {Ernst, Gidon and Arcaini, Paolo and Donze, Alexandre and Fainekos, Georgios and Mathesen, Logan and Pedrielli, Giulia and Yaghoubi, Shakiba and Yamagata, Yoriyuki and Zhang, Zhenya},
  journal   = {EPiC Series in Computing},
  volume    = {61},
  pages     = {129--140},
  year      = {2019},
  publisher = {EasyChair},
  doi       = {10.29007/68dk},
}


@article{gaussianprocesses.jl,
  title         = {{GaussianProcesses.jl}: A Nonparametric {Bayes} Package for the {Julia} Language},
  author        = {Fairbrother, Jamie and Nemeth, Christopher and Rischard, Maxime and Brea, Johanni and Pinder, Thomas},
  archiveprefix = arxiv,
  eprint        = {1812.09064},
  year          = {2018},
}


@article{ferrari2013handling,
  title     = {Handling large datasets of hyperspectral images: Reducing data size without loss of useful information},
  author    = {Ferrari, Carlotta and Foca, Giorgia and Ulrici, Alessandro},
  journal   = {Analytica chimica acta},
  volume    = {802},
  pages     = {29--39},
  year      = {2013},
  publisher = {Elsevier},
  doi       = {10.1016/j.aca.2013.10.009},
}


@article{ll_wildfire,
  title   = {Automated Dynamic Resource Allocation for Wildfire Suppression},
  author  = {Griffith, J. Daniel and Kochenderfer, Mykel J. and Moss, Robert J. and Mi{\v{s}}i{\'c}, Velibor V. and Gupta, Vishal and Bertsimas, Dimitris},
  journal = {Lincoln Laboratory Journal},
  volume  = {22},
  number  = {2},
  year    = {2017}
}


@article{huang2005sampling,
  title   = {Sampling for {Bayesian} computation with large datasets},
  author  = {Huang, Zaijing and Gelman, Andrew},
  journal = {Available at SSRN 1010107},
  year    = {2005},
  doi     = {10.2139/ssrn.1010107}
}


@article{mc_limitations,
  title     = {Improvements to and limitations of {Latin} hypercube sampling},
  author    = {Huntington, D. E. and Lyrintzis, C. S.},
  journal   = {Probabilistic Engineering Mechanics},
  volume    = {13},
  number    = {4},
  pages     = {245--253},
  year      = {1998},
  publisher = {Elsevier},
  doi       = {10.1016/S0266-8920(97)00013-1},
}


@article{innes:2018,
  author  = {Mike Innes},
  title   = {Flux: Elegant Machine Learning with Julia},
  journal = joss,
  year    = {2018},
  doi     = {10.21105/joss.00602},
}


@misc{kingma2017adam,
  title         = {Adam: A Method for Stochastic Optimization}, 
  author        = {Diederik P. Kingma and Jimmy Ba},
  year          = {2017},
  eprint        = {1412.6980},
  archivePrefix = arxiv,
}


@book{kochenderfer2015decision,
  title     = {Decision Making Under Uncertainty: Theory and Application},
  author    = {Kochenderfer, Mykel J.},
  year      = {2015},
  publisher = mitpress
}


@book{kochenderfer2019algorithms,
  title     = {Algorithms for Optimization},
  author    = {Kochenderfer, Mykel J. and Wheeler, Tim A.},
  publisher = mitpress,
  year      = {2019},
}


@inproceedings{koren2019efficient,
  title     = {Efficient Autonomy Validation in Simulation with Adaptive Stress Testing},
  author    = {Koren, Mark and Kochenderfer, Mykel J},
  booktitle = itsc,
  pages     = {4178--4183},
  year      = {2019}
}


@inproceedings{koren2018adaptive,
  author    = {Mark Koren and Saud Alsaif and Ritchie Lee and Mykel J. Kochenderfer},
  booktitle = iv,
  title     = {Adaptive Stress Testing for Autonomous Vehicles},
  year      = {2018},
  pages     = {1-7},
  ISSN      = {1931-0587},
  month     = {6},
  doi       = {10.1109/IVS.2018.8500400},
}


@article{kramer1991nonlinear,
  title     = {Nonlinear Principal Component Analysis Using Autoassociative Neural Networks},
  author    = {Kramer, Mark A},
  journal   = {AIChE Journal},
  volume    = {37},
  number    = {2},
  pages     = {233--243},
  year      = {1991},
  publisher = {Wiley Online Library},
  doi       = {10.1002/aic.690370209},
}


@article{kurtz2013cross,
  title     = {Cross-entropy-based adaptive importance sampling using Gaussian mixture},
  author    = {Kurtz, Nolan and Song, Junho},
  journal   = {Structural Safety},
  volume    = {42},
  pages     = {35--44},
  year      = {2013},
  publisher = {Elsevier}
}


@article{deng2012mnist,
  title     = {The {MNIST} database of handwritten digit images for machine learning research},
  author    = {Deng, Li},
  journal   = {IEEE Signal Processing Magazine},
  volume    = {29},
  number    = {6},
  pages     = {141--142},
  year      = {2012},
  publisher = {IEEE},
}


@phdthesis{lee_thesis,
  title  = {{AdaStress}: Adaptive Stress Testing and Interpretable Categorization for Safety-Critical Systems},
  author = {Lee, Ritchie},
  year   = {2019},
  school = {Carnegie Mellon University},
}


@incollection{lee2019adaptive,
  title     = {{Adaptive Stress Testing of Safety-Critical Systems}},
  author    = {Ritchie Lee and Ole J. Mengshoel and Mykel J. Kochenderfer},
  booktitle = {{Safe, Autonomous and Intelligent Vehicles}},
  pages     = {77--95},
  year      = {2019},
  publisher = {Springer},
  doi       = {10.1007/978-3-319-97301-2_5}
}


@article{moss2020adaptive,
  title   = {Adaptive Stress Testing of Trajectory Predictions in Flight Management Systems},
  author  = {Robert J. Moss and Ritchie Lee and Nicholas Visser and Joachim Hochwarth and James G. Lopez and Mykel J. Kochenderfer},
  year    = {2020},
  journal = dasc,
  doi     = {10.1109/DASC50938.2020.9256730},
}


@article{lee2015adaptive,
  author    = {Ritchie Lee and Mykel J. Kochenderfer and Ole J. Mengshoel and Guillaume P. Brat and Michael P. Owen},
  booktitle = dasc,
  title     = {Adaptive Stress Testing of Airborne Collision Avoidance Systems},
  year      = {2015},
  ISSN      = {2155-7209},
  month     = {9},
  doi       = {10.1109/DASC.2015.7311450},
}


@inproceedings{ast_traj_plan,
  title     = {Adaptive Stress Testing of Trajectory Planning Systems},
  author    = {Lee, Ritchie and Puig-Navarro, Javier and Agogino, Adrian K. and Giannakoupoulou, Dimitra and Mengshoel, Ole J. and Kochenderfer, Mykel J. and Allen, B. Danette},
  booktitle = {AIAA Scitech Forum},
  pages     = {1454},
  year      = {2019},
  doi       = {10.2514/6.2019-1454},
}


@article{lee2020adaptive,
    title   = {Adaptive Stress Testing: Finding Likely Failure Events with Reinforcement Learning},
    author  = {Lee, Ritchie and Mengshoel, Ole J. and Saksena, Anshu and Gardner, Ryan and Genin, Daniel and Silbermann, Joshua and Owen, Michael and Kochenderfer, Mykel J.},
    journal = jair,
    year    = {2020},
    volume  = {69},
    pages   = {1165--1201},
    doi     = {10.1613/jair.1.12190},
}


@inbook{lee2018differential,
  title     = {Differential Adaptive Stress Testing of Airborne Collision Avoidance Systems},
  author    = {Lee, Ritchie and Mengshoel, Ole and Saksena, Anshu and Gardner, Ryan and Genin, Daniel and Brush, Jeffrey and Kochenderfer, Mykel J.},
  booktitle = {AIAA Modeling and Simulation Technologies Conference},
  year      = {2018},
  doi       = {10.2514/6.2018-1923},
}



@article{li2011efficient,
  title     = {An efficient surrogate-based method for computing rare failure probability},
  author    = {Li, Jing and Li, Jinglai and Xiu, Dongbin},
  journal   = {Journal of Computational Physics},
  volume    = {230},
  number    = {24},
  pages     = {8683--8697},
  year      = {2011},
  publisher = {Elsevier},
  doi       = {10.1016/j.jcp.2011.08.008},
}


@article{li2010evaluation,
  title     = {Evaluation of failure probability via surrogate models},
  author    = {Li, Jing and Xiu, Dongbin},
  journal   = {Journal of Computational Physics},
  volume    = {229},
  number    = {23},
  pages     = {8966--8980},
  year      = {2010},
  publisher = {Elsevier},
  doi       = {10.1016/j.jcp.2010.08.022},
}


@inproceedings{fms,
  author    = {S. {Liden}},
  title     = {The Evolution of Flight Management Systems},
  booktitle = dasc,
  year      = {1994},
  month     = {10},
  pages     = {157-169},
  doi       = {10.1109/DASC.1994.369487},
}


@article{mogensen2018optim,
  author  = {Mogensen, Patrick Kofod and Riseth, Asbj{\o}rn Nilsen},
  title   = {Optim: A mathematical optimization package for {Julia}},
  journal = joss,
  year    = {2018},
  volume  = {3},
  number  = {24},
  pages   = {615},
  doi     = {10.21105/joss.00615},
}


@misc{moss2020crossentropy,
  title         = {Cross-Entropy Method Variants for Optimization},
  author        = {Robert J. Moss},
  year          = {2020},
  eprint        = {2009.09043},
  archivePrefix = arxiv
}


@article{moss2021pomdpstresstesting,
  title   = {{POMDPStressTesting.jl}: Adaptive Stress Testing for Black-Box Systems},
  author  = {Robert J. Moss},
  journal = joss,
  year    = {2021},
  volume  = {6},
  number  = {60},
  pages   = {2749},
  doi     = {10.21105/joss.02749},
}


@misc{norden2019efficient,
  title         = {Efficient Black-box Assessment of Autonomous Vehicle Safety},
  author        = {Norden, Justin and O'Kelly, Matthew and Sinha, Aman},
  archivePrefix = arxiv,
  eprint        = {1912.03618},
  year          = {2019},
}



@incollection{fms_workload,
  title     = {Flight Deck Automation and Pilot Workload},
  author    = {Roscoe, Alan H.},
  booktitle = {Vigilance and Performance in Automatized Systems},
  pages     = {111--122},
  year      = {1989},
  publisher = {Springer},
  doi       = {10.1007/978-94-009-0981-6_11},
}


@misc{do178c,
  title        = {Software Considerations in Airborne Systems and Equipment Certification},
  author       = {RTCA},
  howpublished = {DO-178C},
  month        = {12},
  year         = {2011}
}


@article{rubinstein1999cross,
  title     = {The Cross-Entropy Method for Combinatorial and Continuous Optimization},
  author    = {Rubinstein, Reuven},
  journal   = {Methodology and Computing in Applied Probability},
  volume    = {1},
  number    = {2},
  pages     = {127--190},
  year      = {1999},
  publisher = {Springer},
  doi       = {10.1023/A:1010091220143},
}


@book{rubinstein2004cross,
  title     = {The Cross-Entropy Method: A Unified Approach to Combinatorial Optimization, {Monte-Carlo} Simulation and Machine Learning},
  author    = {Rubinstein, Reuven Y. and Kroese, Dirk P.},
  year      = {2004},
  publisher = {Springer},
  doi       = {10.1007/978-1-4757-4321-0},
}


@misc{ppo,
  title         = {Proximal Policy Optimization Algorithms},
  author        = {Schulman, John and Wolski, Filip and Dhariwal, Prafulla and Radford, Alec and Klimov, Oleg},
  eprint        = {1707.06347},
  archivePrefix = arxiv,
  year          = {2017},
}


@inproceedings{trpo,
  title     = {Trust Region Policy Optimization},
  author    = {Schulman, John and Levine, Sergey and Abbeel, Pieter and Jordan, Michael and Moritz, Philipp},
  booktitle = icml,
  pages     = {1889--1897},
  year      = {2015},

}


@article{silver2016mastering,
  title     = {Mastering the game of {Go} with deep neural networks and tree search},
  author    = {David Silver and Aja Huang and Chris J. Maddison and Arthur Guez and Laurent Sifre and George van den Driessche and Julian Schrittwieser and Ioannis Antonoglou and Veda Panneershelvam and Marc Lanctot and Sander Dieleman and Dominik Grewe and John Nham and Nal Kalchbrenner and Ilya Sutskever and Timothy Lillicrap and Madeleine Leach and Koray Kavukcuoglu and Thore Graepel and Demis Hassabis},
  journal   = {Nature},
  volume    = {529},
  number    = {7587},
  pages     = {484--489},
  year      = {2016},
  publisher = {Nature Publishing Group},
  doi       = {10.1038/nature16961},
}


@book{sutton2018reinforcement,
  title     = {Reinforcement Learning: An Introduction},
  author    = {Sutton, Richard S. and Barto, Andrew G.},
  year      = {2018},
  publisher = mitpress,
}


@inproceedings{tan2018gaussian,
  author    = {Y. T. Tan and A. Kunapareddy and M. Kobilarov},
  booktitle = icra,
  title     = {Gaussian Process Adaptive Sampling Using the Cross-Entropy Method for Environmental Sensing and Monitoring},
  year      = {2018},
  pages     = {6220-6227},
  doi       = {10.1109/ICRA.2018.8460821},
}


@article{rrts,
  title         = {Rapidly-exploring Random Trees-based Test Generation for Autonomous Vehicles},
  author        = {Tuncali, Cumhur Erkan and Fainekos, Georgios},
  eprint        = {1903.10629},
  archiveprefix = arxiv,
  year          = {2019},
}


@article{vincenty,
  title     = {Direct and Inverse Solutions of Geodesics on the Ellipsoid with Application of Nested Equations},
  author    = {Vincenty, Thaddeus},
  journal   = {Survey Review},
  volume    = {23},
  number    = {176},
  pages     = {88--93},
  year      = {1975},
  publisher = {Taylor \& Francis},
}


@article{wang2016cross,
  title     = {Cross-entropy-based adaptive importance sampling using von {Mises-Fisher} mixture for high dimensional reliability analysis},
  author    = {Wang, Ziqi and Song, Junho},
  journal   = {Structural Safety},
  volume    = {59},
  pages     = {42--52},
  year      = {2016},
  publisher = {Elsevier},
  doi       = {10.1016/j.strusafe.2015.11.002},
}


@article{wehrens2004model,
  title     = {Model-Based Clustering for Image Segmentation and Large Datasets via Sampling},
  author    = {Wehrens, Ron and Buydens, Lutgarde M. C. and Fraley, Chris and Raftery, Adrian E.},
  journal   = {Journal of Classification},
  volume    = {21},
  number    = {2},
  pages     = {231--253},
  year      = {2004},
  publisher = {Springer},
  doi       = {10.1007/s00357-004-0018-8},
}


@article{falstar,
  title     = {Two-Layered Falsification of Hybrid Systems Guided by {M}onte {C}arlo Tree Search},
  author    = {Zhang, Zhenya and Ernst, Gidon and Sedwards, Sean and Arcaini, Paolo and Hasuo, Ichiro},
  journal   = {IEEE Transactions on Computer-Aided Design of Integrated Circuits and Systems},
  volume    = {37},
  number    = {11},
  pages     = {2894--2905},
  year      = {2018},
  publisher = {IEEE},
  doi       = {10.1109/TCAD.2018.2858463},
}


@article{kroese2006cross,
  title     = {The Cross-Entropy Method for Continuous Multi-Extremal Optimization},
  author    = {Kroese, Dirk P. and Porotsky, Sergey and Rubinstein, Reuven Y.},
  journal   = {Methodology and Computing in Applied Probability},
  volume    = {8},
  number    = {3},
  pages     = {383--407},
  year      = {2006},
  publisher = {Springer},
  doi       = {10.1007/s11009-006-9753-0},
}

