@String { aaai        = {AAAI Conference on Artificial Intelligence (AAAI)} }
@String { aamas       = {International Conference on Autonomous Agents and Multiagent Systems (AAMAS)} }
@String { acc         = {American Control Conference (ACC)} }
@String { aiaa_info   = {AIAA Infotech@Aerospace Conference} }
@String { aiaa_is     = {AIAA Scitech Intelligent Systems Conference (IS)} }
@String { aiaa_jacic  = {Journal of Aerospace Computing, Information, and Communication} }
@String { allerton    = {Allerton Conference on Communication, Control, and Compution} }
@String { atio        = {AIAA Aviation Technology, Integration, and Operations Conference (ATIO)} }
@String { cacm        = {Communications of the ACM} }
@String { cav         = {International Conference on Computer Aided Verification (CAV)} }
@String { cdc         = {IEEE Conference on Decision and Control (CDC)} }
@String { cvpr        = {IEEE Computer Society Conference on Computer Vision and Pattern Recognition (CVPR)} }
@String { dasc        = {Digital Avionics Systems Conference (DASC)} }
@String { ecml        = {European Conference on Machine Learning (ECML)} }
@String { fm          = {International Symposium on Formal Methods (FM)} }
@String { gnc         = {AIAA Guidance, Navigation, and Control Conference (GNC)} }
@String { hscc       = {ACM International Conference on Hybrid Systems: Computation and Control (HSCC)} }
@String { icaart      = {International Conference on Agents and Artificial Intelligence (ICAART)} }
@String { icaps       = {International Conference on Automated Planning and Scheduling (ICAPS)} }
@String { icassp      = {International Conference on Acoustics, Speech, and Signal Processing (ICASSP)} }
@String { iccps       = {International Conference on Cyber-Physical Systems (ICCPS)} }
@String { iclr        = {International Conference on Learning Representations} }
@String { icml        = {International Conference on Machine Learning (ICML)} }
@String { icmla       = {International Conference on Machine Learning and Applications (ICMLA)} }
@String { icra        = {IEEE International Conference on Robotics and Automation (ICRA)} }
@String { icslp       = {International Conference on Spoken Language Processing (ICSLP)} }
@String { ieee_csm    = {IEEE Control Systems Magazine} }
@String { ieee_j_ac   = {IEEE Transactions on Automatic Control} }
@String { ieeeaero    = {IEEE Aerospace Conference} }
@String { ieeeciaig   = {IEEE Transactions on Computational Intelligence and AI in Games} }
@String { ieeecst     = {IEEE Transactions on Control Systems Technology} }
@String { ieeetac     = {IEEE Transactions on Automatic Control} }
@String { ieeetsp     = {IEEE Transactions on Signal Processing} }
@String { ijcai       = {International Joint Conference on Artificial Intelligence (IJCAI)} }
@String { interspeech = {Annual Conference of the International Speech Communication Association (INTERSPEECH)} }
@String { iros        = {IEEE/RSJ International Conference on Intelligent Robots and Systems (IROS)} }
@String { itsc        = {IEEE International Conference on Intelligent Transportation Systems (ITSC)} }
@String { iv          = {IEEE Intelligent Vehicles Symposium (IV)} }
@String { jair        = {Journal of Artificial Intelligence Research} }
@String { jgcd        = {AIAA Journal of Guidance, Control, and Dynamics} }
@String { jmlr        = {Journal of Machine Learning Research} }
@String { jota        = {Journal of Optimization Theory and Applications} }
@String { lion        = {Learning and Intelligent Optimization (LION)} }
@String { mit         = {Massachusetts Institute of Technology} }
@String { mitaa       = {Massachusetts Institute of Technology, Department of Aeronautics and Astronautics} }
@String { mitee       = {Massachusetts Institute of Technology, Department of Electrical Engineering and Computer Science} }
@String { mitme       = {Massachusetts Institute of Technology, Department of Mechanical Engineering} }
@String { mor         = {Mathematics of Operations Research} }
@String { nfm        =  {NASA Formal Methods Symposium (NFM)} }
@String { nips        = {Advances in Neural Information Processing Systems (NIPS)} }
@String { or          = {Operations Research} }
@String { rss         = {Robotics: Science and Systems} }
@String { sigcomm     = {ACM Special Interest Group on Data Communication (SIGCOMM)} }
@String { suaa        = {Stanford University, Department of Aeronautics and Astronautics} }
@String { suee        = {Stanford University, Department of Electrical Engineering} }
@String { sume        = {Stanford University, Department of Mechanical Engineering} }
@String { tac         = {IEEE Transactions on Automatic Control} }
@String { tacas       = {International Conference on Tools and Algorithms for the Construction and Analysis of Systems (TACAS)} }
@String { taes        = {IEEE Transactions on Aerospace and Electronic Systems} }
@String { uai         = {Conference on Uncertainty in Artificial Intelligence (UAI)} }
@String {arxiv        = {arXiv} }


@inproceedings{yaghoubi2019gray,
  title={Gray-box adversarial testing for control systems with machine learning components},
  author={Yaghoubi, Shakiba and Fainekos, Georgios},
  booktitle=hscc,
  pages={179--184},
  year={2019}
}

@article{fainekos2009robustness,
  title={Robustness of temporal logic specifications for continuous-time signals},
  author={Fainekos, Georgios E and Pappas, George J},
  journal={Theoretical Computer Science},
  volume={410},
  number={42},
  pages={4262--4291},
  year={2009},
  publisher={Elsevier}
}

@inproceedings{tuncali2019rapidly, 
    author={C. E. {Tuncali} and G. {Fainekos}}, 
    booktitle={IEEE Intelligent Transportation Systems Conference (ITSC)}, 
    title={Rapidly-exploring Random Trees for Testing Automated Vehicles}, 
    year={2019}, 
    volume={}, 
    number={}, 
    pages={661-666}
}

@article{suykens1999least,
  title={Least squares support vector machine classifiers},
  author={Suykens, Johan AK and Vandewalle, Joos},
  journal={Neural Processing Letters},
  volume={9},
  number={3},
  pages={293--300},
  year={1999},
  publisher={Springer}
}

@article{julian2020validation,
  title={Validation of Image-Based Neural Network Controllers through Adaptive Stress Testing},
  author={Julian, Kyle D and Lee, Ritchie and Kochenderfer, Mykel J},
  journal=arxiv,
  number={2003.02381},
  year={2020}
}

@article{hochreiter1997long,
  title={Long short-term memory},
  author={Hochreiter, Sepp and Schmidhuber, J{\"u}rgen},
  journal={Neural Computation},
  volume={9},
  number={8},
  pages={1735--1780},
  year={1997},
  publisher={MIT Press}
}

@book{sutton2018reinforcement,
  title={Reinforcement Learning: An Introduction},
  author={Sutton, Richard S and Barto, Andrew G},
  year={2018},
  publisher={MIT press}
}

@book{lavalle2006planning,
  title={Planning Algorithms},
  author={LaValle, Steven M},
  year={2006},
  publisher={Cambridge University Press}
}

@inproceedings{deshmukh2015stochastic,
  title={Stochastic local search for falsification of hybrid systems},
  author={Deshmukh, Jyotirmoy and Jin, Xiaoqing and Kapinski, James and Maler, Oded},
  booktitle={International Symposium on Automated Technology for Verification and Analysis (ATVA)},
  pages={500--517},
  year={2015},
  organization={Springer}
}


@inproceedings{wicker2018feature,
  title={Feature-guided black-box safety testing of deep neural networks},
  author={Wicker, Matthew and Huang, Xiaowei and Kwiatkowska, Marta},
  booktitle=tacas,
  pages={408--426},
  year={2018},
  organization={Springer}
}

@article{plaku2009hybrid,
  title={Hybrid systems: from verification to falsification by combining motion planning and discrete search},
  author={Plaku, Erion and Kavraki, Lydia E and Vardi, Moshe Y},
  journal={Formal Methods in System Design},
  volume={34},
  number={2},
  pages={157--182},
  year={2009},
  publisher={Springer}
}

@book{mockus2012bayesian,
  title={Bayesian Approach to Global Optimization: Theory and Applications},
  author={Mockus, Jonas},
  volume={37},
  year={2012},
  publisher={Springer Science \& Business Media}
}

@inproceedings{adimoolam2017classification,
  title={Classification and coverage-based falsification for embedded control systems},
  author={Adimoolam, Arvind and Dang, Thao and Donz{\'e}, Alexandre and Kapinski, James and Jin, Xiaoqing},
  booktitle=cav,
  pages={483--503},
  year={2017},
  organization={Springer}
}

@inproceedings{Mathesen2019falsification,
title = "Falsification of cyber-physical systems with robustness uncertainty quantification through stochastic optimization with adaptive restart",
author = "Logan Mathesen and Shakiba Yaghoubi and Giulia Pedrielli and Georgios Fainekos",
year = "2019",
month = "8",
doi = "10.1109/COASE.2019.8843005",
language = "English (US)",
publisher = "IEEE Computer Society",
pages = "991--997",
booktitle = "International Conference on Automation Science and Engineering (CASE)",
}

@inproceedings{Balakrishnan2019specifying,
title = "Specifying and Evaluating Quality Metrics for Vision-based Perception Systems",
author = "Anand Balakrishnan and Puranic, {Aniruddh G.} and Xin Qin and Adel Dokhanchi and Deshmukh, {Jyotirmoy V.} and {Ben Amor}, Hani and Georgios Fainekos",
year = "2019",
month = "5",
day = "14",
doi = "10.23919/DATE.2019.8715114",
language = "English (US)",
publisher = "Institute of Electrical and Electronics Engineers Inc.",
pages = "1433--1438",
booktitle = "Design, Automation and Test in Europe Conference and Exhibition (DATE)",
}

@article{tuncali2019requirements,
  title={Requirements-driven test generation for autonomous vehicles with machine learning components},
  author={Tuncali, Cumhur Erkan and Fainekos, Georgios and Prokhorov, Danil and Ito, Hisahiro and Kapinski, James},
  journal={IEEE Transactions on Intelligent Vehicles},
  year={2019},
  publisher={IEEE}
}

@InProceedings{Akazaki2018falsification,
author="Akazaki, Takumi and Liu, Shuang and Yamagata, Yoriyuki and Duan, Yihai and Hao, Jianye",
title="Falsification of Cyber-Physical Systems Using Deep Reinforcement Learning",
booktitle=fm,
year="2018",
publisher="Springer International Publishing",
pages="456--465",
isbn="978-3-319-95582-7"
}

@inproceedings{fainekos2019robustness,
  title={Robustness of Specifications and Its Applications to Falsification, Parameter Mining, and Runtime Monitoring with {S-TaLiRo}},
  author={Fainekos, Georgios and Hoxha, Bardh and Sankaranarayanan, Sriram},
  booktitle={International Conference on Runtime Verification (RV)},
  pages={27--47},
  year={2019},
  organization={Springer},
  isbn = {978-3-030-32078-2},
  doi = {10.1007/978-3-030-32079-9_3}
}

@phdthesis{yang2013dynamic,
  title={Dynamic Programming algorithm for Computing Temporal Logic Robustness},
  author={Yang, Hengyi and Fainekos, Georgios and Sarjoughian, Hessam and Shrivastava, Aviral},
  year={2013},
  school={Arizona State University}
}

@inproceedings{silvetti2017active,
  title={An active learning approach to the falsification of black box cyber-physical systems},
  author={Silvetti, Simone and Policriti, Alberto and Bortolussi, Luca},
  booktitle={International Conference on Integrated Formal Methods (iFM)},
  pages={3--17},
  year={2017},
  organization={Springer}
}

@article{dorigo1996ant,
  title={Ant system: optimization by a colony of cooperating agents},
  author={Dorigo, Marco and Maniezzo, Vittorio and Colorni, Alberto},
  journal={IEEE Transactions on Systems, Man, and Cybernetics, Part B (Cybernetics)},
  volume={26},
  number={1},
  pages={29--41},
  year={1996},
  publisher={IEEE}
}

@inproceedings{annapureddy2010ant,
  title={Ant colonies for temporal logic falsification of hybrid systems},
  author={Annapureddy, Yashwanth Singh Rahul and Fainekos, Georgios E},
  booktitle={Annual Conference on IEEE Industrial Electronics Society (IECON)},
  pages={91--96},
  year={2010},
  organization={IEEE}
}

@article{fainekos2003inverse,
  title={Inverse design of airfoils based on a novel formulation of the ant colony optimization method},
  author={Fainekos, Georgios E and Giannakoglou, Kyriakos C},
  journal={Inverse Problems in Engineering},
  volume={11},
  number={1},
  pages={21--38},
  year={2003},
  publisher={Taylor \& Francis}
}

@incollection{diehl2006fast,
  title={Fast direct multiple shooting algorithms for optimal robot control},
  author={Diehl, Moritz and Bock, Hans Georg and Diedam, Holger and Wieber, P-B},
  booktitle={Fast Motions in Biomechanics and Robotics},
  pages={65--93},
  year={2006},
  publisher={Springer}
}

@Article{Dreossi2019compositional,
    author="Dreossi, Tommaso and Donz{\'e}, Alexandre and Seshia, Sanjit A.",
    title="Compositional Falsification of Cyber-Physical Systems with Machine Learning Components",
    journal="Journal of Automated Reasoning",
    year="2019",
    month="12",
    day="01",
    volume="63",
    number="4",
    pages="1031--1053",
    issn="1573-0670",
}

@article{ernst2019arch,
  title={ARCH-COMP 2019 category report: falsification},
  author={Ernst, Gidon and Arcaini, Paolo and Donze, Alexandre and Fainekos, Georgios and Mathesen, Logan and Pedrielli, Giulia and Yaghoubi, Shakiba and Yamagata, Yoriyuki and Zhang, Zhenya},
  journal={EPiC Series in Computing},
  volume={61},
  pages={129--140},
  year={2019},
  publisher={EasyChair}
}

@inproceedings{Donze2010robust,
  title={Robust satisfaction of temporal logic over real-valued signals},
  author={Donz{\'e}, Alexandre and Maler, Oded},
  booktitle={International Conference on Formal Modeling and Analysis of Timed Systems (FORMATS)},
  pages={92--106},
  year={2010},
  organization={Springer}
}

@inproceedings{diwakaran2017analyzing,
  title={Analyzing neighborhoods of falsifying traces in cyber-physical systems},
  author={Diwakaran, Ram Das and Sankaranarayanan, Sriram and Trivedi, Ashutosh},
  booktitle=iccps,
  pages={109--119},
  year={2017}
}

@article{qin2019automatic,
  title={Automatic Testing and Falsification with Dynamically Constrained Reinforcement Learning},
  author={Qin, Xin and Ar{\'e}chiga, Nikos and Best, Andrew and Deshmukh, Jyotirmoy},
  journal=arxiv,
  number={1910.13645},
  year={2019}
}

@inproceedings{Hoxha2015benchmarks,
  author    = {Bardh Hoxha and Houssam Abbas and Georgios Fainekos},
  title     = {Benchmarks for Temporal Logic Requirements for Automotive Systems},
  booktitle = {International Workshop on Applied Verification for Continuous and Hybrid Systems (ARCH)},
  editor    = {Goran Frehse and Matthias Althoff},
  volume    = {34},
  pages     = {25--30},
  year      = {2015},
  issn      = {2398-7340},
  doi       = {10.29007/xwrs}}
  
  @inproceedings{hoxha2014towards,
  title={Towards Formal Specification Visualization for Testing and Monitoring of Cyber-Physical Systems},
  author={Hoxha, Bardh and Bach, Hoang and Abbas, Houssam and Dokhanchi, Adel and Kobayashi, Yoshihiro and Fainekos, Georgios},
  booktitle={International Workshop on Design and Implementation of Formal Tools and Systems (DIFTS)},
  year={2014},
  organization={sn}
}

@inproceedings{yaghoubi2017local,
  title={Local Descent for Temporal Logic Falsification of Cyber-Physical Systems},
  author={Yaghoubi, Shakiba and Fainekos, Georgios},
  booktitle={International Workshop on Design, Modeling, and Evaluation of Cyber Physical Systems (CyPhy)},
  pages={11--26},
  year={2017},
  organization={Springer}
}

@inproceedings{tuncali2018experience,
  title={Experience report: Application of falsification methods on the UxAS system},
  author={Tuncali, Cumhur Erkan and Hoxha, Bardh and Ding, Guohui and Fainekos, Georgios and Sankaranarayanan, Sriram},
  booktitle=nfm,
  pages={452--459},
  year={2018},
  organization={Springer}
}

@inproceedings{hekmatnejad2019encoding,
  title={Encoding and Monitoring Responsibility Sensitive Safety Rules for Automated Vehicles in Signal Temporal Logic},
  author={Hekmatnejad, Mohammad and Yaghoubi, Shakiba and Dokhanchi, Adel and Amor, Heni Ben and Shrivastava, Aviral and Karam, Lina and Fainekos, Georgios},
  booktitle={IEEE International Conference on Formal Methods and Models for System Design},
  pages={1--11},
  year={2019}
}

@inproceedings{huang2019evaluation,
  title={Evaluation Uncertainty in Data-Driven Self-Driving Testing},
  author={Huang, Zhiyuan and Arief, Mansur and Lam, Henry and Zhao, Ding},
  booktitle=itsc,
  pages={1902--1907},
  year={2019},
  organization={IEEE}
}

@inproceedings{koschi2019computationally,
  title={Computationally Efficient Safety Falsification of Adaptive Cruise Control Systems},
  author={Koschi, Markus and Pek, Christian and Maierhofer, Sebastian and Althoff, Matthias},
  booktitle=itsc,
  pages={2879--2886},
  year={2019},
  organization={IEEE}
}

@article{zhang2018two,
  title={Two-layered falsification of hybrid systems guided by {M}onte {C}arlo tree search},
  author={Zhang, Zhenya and Ernst, Gidon and Sedwards, Sean and Arcaini, Paolo and Hasuo, Ichiro},
  journal={IEEE Transactions on Computer-Aided Design of Integrated Circuits and Systems},
  volume={37},
  number={11},
  pages={2894--2905},
  year={2018},
  publisher={IEEE}
}

@inproceedings{zutshi2013trajectory,
  title={A trajectory splicing approach to concretizing counterexamples for hybrid systems},
  author={Zutshi, Aditya and Sankaranarayanan, Sriram and Deshmukh, Jyotirmoy V and Kapinski, James},
  booktitle=cdc,
  pages={3918--3925},
  year={2013},
  organization={IEEE}
}

@article{bock1984multiple,
  title={A multiple shooting algorithm for direct solution of optimal control problems},
  author={Bock, Hans Georg and Plitt, Karl-Josef},
  journal={IFAC Proceedings Volumes},
  volume={17},
  number={2},
  pages={1603--1608},
  year={1984},
  publisher={Elsevier}
}

@inproceedings{zutshi2014multiple,
  title={{Multiple shooting, CEGAR-based falsification for hybrid systems}},
  author={Zutshi, Aditya and Deshmukh, Jyotirmoy V and Sankaranarayanan, Sriram and Kapinski, James},
  booktitle={International Conference on Embedded Software (ICESS)},
  pages={1--10},
  year={2014}
}

@article{luersen2004globalized,
  title={Globalized Nelder--Mead method for engineering optimization},
  author={Luersen, Marco A and Le Riche, Rodolphe},
  journal={Computers \& Structures},
  volume={82},
  number={23-26},
  pages={2251--2260},
  year={2004},
  publisher={Elsevier}
}

@inproceedings{hansen1996adapting,
  title={Adapting arbitrary normal mutation distributions in evolution strategies: The covariance matrix adaptation},
  author={Hansen, Nikolaus and Ostermeier, Andreas},
  booktitle={IEEE International Conference on Evolutionary Computation},
  pages={312--317},
  year={1996},
  organization={IEEE}
}

@inproceedings{sankaranarayanan2012falsification,
  title={Falsification of temporal properties of hybrid systems using the cross-entropy method},
  author={Sankaranarayanan, Sriram and Fainekos, Georgios},
  booktitle=hscc,
  pages={125--134},
  year={2012}
}

@inproceedings{legay2010statistical,
  title={Statistical model checking: An overview},
  author={Legay, Axel and Delahaye, Beno{\^\i}t and Bensalem, Saddek},
  booktitle={International Conference on Runtime Verification (RV)},
  pages={122--135},
  year={2010},
  organization={Springer}
}

@InProceedings{zhang2019multi,
author="Zhang, Zhenya
and Hasuo, Ichiro
and Arcaini, Paolo",
editor="Dillig, Isil
and Tasiran, Serdar",
title="Multi-armed Bandits for Boolean Connectives in Hybrid System Falsification",
booktitle="Computer Aided Verification (CAV)",
year="2019",
publisher="Springer International Publishing",
address="Cham",
pages="401--420",
}

@inproceedings{ernst2019fast,
  title={Fast falsification of hybrid systems using probabilistically adaptive input},
  author={Ernst, Gidon and Sedwards, Sean and Zhang, Zhenya and Hasuo, Ichiro},
  booktitle={International Conference on Quantitative Evaluation of Systems (QEST)},
  pages={165--181},
  year={2019},
  organization={Springer}
}

@article{coulom2007computing,
  title={Computing `{ELO} ratings' of move patterns in the game of Go},
  author={Coulom, R{\'e}mi},
  journal={ICGA Journal},
  volume={30},
  number={4},
  pages={198--208},
  year={2007},
  publisher={IOS Press}
}

@article{mnih2015human,
  title={Human-level control through deep reinforcement learning},
  author={Mnih, Volodymyr and Kavukcuoglu, Koray and Silver, David and Rusu, Andrei A and Veness, Joel and Bellemare, Marc G and Graves, Alex and Riedmiller, Martin and Fidjeland, Andreas K and Ostrovski, Georg and others},
  journal={Nature},
  volume={518},
  number={7540},
  pages={529--533},
  year={2015},
  publisher={Nature Publishing Group}
}

@article{chaslot2008progressive,
  title={Progressive strategies for {M}onte {C}arlo tree search},
  author={Chaslot, Guillaume M JB and Winands, Mark HM and HERIK, H JAAP VAN DEN and Uiterwijk, Jos WHM and Bouzy, Bruno},
  journal={New Mathematics and Natural Computation},
  volume={4},
  number={03},
  pages={343--357},
  year={2008},
  publisher={World Scientific}
}

@article{lillicrap2015continuous,
  title={Continuous control with deep reinforcement learning},
  author={Lillicrap, Timothy P and Hunt, Jonathan J and Pritzel, Alexander and Heess, Nicolas and Erez, Tom and Tassa, Yuval and Silver, David and Wierstra, Daan},
  journal=arXiv,
  number={1509.02971},
  year={2015}
}

@inproceedings{mnih2016asynchronous,
  title={Asynchronous methods for deep reinforcement learning},
  author={Mnih, Volodymyr and Badia, Adria Puigdomenech and Mirza, Mehdi and Graves, Alex and Lillicrap, Timothy and Harley, Tim and Silver, David and Kavukcuoglu, Koray},
  booktitle=icml,
  pages={1928--1937},
  year={2016}
}

@inproceedings{schulman2015trust,
  title={Trust region policy optimization},
  author={Schulman, John and Levine, Sergey and Abbeel, Pieter and Jordan, Michael and Moritz, Philipp},
  booktitle=icml,
  pages={1889--1897},
  year={2015}
}

@inproceedings{sutton2000policy,
  title={Policy gradient methods for reinforcement learning with function approximation},
  author={Sutton, Richard S and McAllester, David A and Singh, Satinder P and Mansour, Yishay},
  booktitle=nips,
  pages={1057--1063},
  year={2000}
}

@inproceedings{gu2017deep,
  title={Deep reinforcement learning for robotic manipulation with asynchronous off-policy updates},
  author={Gu, Shixiang and Holly, Ethan and Lillicrap, Timothy and Levine, Sergey},
  booktitle=icra,
  pages={3389--3396},
  year={2017},
  organization={IEEE}
}

@article{silver2017mastering,
  title={Mastering chess and shogi by self-play with a general reinforcement learning algorithm},
  author={Silver, David and Hubert, Thomas and Schrittwieser, Julian and Antonoglou, Ioannis and Lai, Matthew and Guez, Arthur and Lanctot, Marc and Sifre, Laurent and Kumaran, Dharshan and Graepel, Thore and others},
  journal=arxiv,
  number={1712.01815},
  year={2017}
}

@article{silver2016mastering,
  title={Mastering the game of Go with deep neural networks and tree search},
  author={Silver, David and Huang, Aja and Maddison, Chris J and Guez, Arthur and Sifre, Laurent and Van Den Driessche, George and Schrittwieser, Julian and Antonoglou, Ioannis and Panneershelvam, Veda and Lanctot, Marc and others},
  journal={Nature},
  volume={529},
  number={7587},
  pages={484},
  year={2016},
  publisher={Nature Publishing Group}
}

@inproceedings{delmas2019evaluation,
  title={An Evaluation of {M}onte {C}arlo Tree Search for Property Falsification on Hybrid Flight Control Laws},
  author={Delmas, R{\'e}mi and Loquen, Thomas and Boada-Bauxell, Josep and Carton, Mathieu},
  booktitle={International Workshop on Numerical Software Verification},
  pages={45--59},
  year={2019},
  organization={Springer}
}

@inproceedings{abeysirigoonawardena2019generating,
  title={Generating adversarial driving scenarios in high-fidelity simulators},
  author={Abeysirigoonawardena, Yasasa and Shkurti, Florian and Dudek, Gregory},
  booktitle=icra,
  pages={8271--8277},
  year={2019},
  organization={IEEE}
}

@article{akazaki2017causality,
author = {Akazaki, Takumi and Kumazawa, Yoshihiro and Hasuo, Ichiro},
year = {2017},
pages = {},
title = {Causality-Aided Falsification},
volume = {257},
journal = {Electronic Proceedings in Theoretical Computer Science}
}

@article{mullins2018adaptive,
  title={Adaptive Generation of Challenging Scenarios for Testing and Evaluation of Autonomous Vehicles},
  author={Mullins, Galen E and Stankiewicz, Paul G and Hawthorne, R Chad and Gupta, Satyandra K},
  journal={Journal of Systems and Software},
  volume={137},
  pages={197--215},
  year={2018},
  publisher={Elsevier}
}

@inproceedings{aerts2018temporal,
  title={Temporal logic falsification of cyber-physical systems: An input-signal-space optimization approach},
  author={Aerts, Arend and Minh, Bryan Tong and Mousavi, Mohammad Reza and Reniers, Michel A},
  booktitle={IEEE International Conference on Software Testing, Verification and Validation Workshops (ICSTW)},
  pages={214--223},
  year={2018},
  organization={IEEE}
}

@inproceedings{pant2017smooth,
  title={Smooth operator: Control using the smooth robustness of temporal logic},
  author={Pant, Yash Vardhan and Abbas, Houssam and Mangharam, Rahul},
  booktitle={IEEE Conference on Control Technology and Applications (CCTA)},
  pages={1235--1240},
  year={2017},
  organization={IEEE}
}

@inproceedings{abbas2017safe,
  title={Safe at any speed: A simulation-based test harness for autonomous vehicles},
  author={Abbas, Houssam and O’Kelly, Matthew and Rodionova, Alena and Mangharam, Rahul},
  booktitle={International Workshop on Design, Modeling, and Evaluation of Cyber Physical Systems (CyPhy)},
  pages={94--106},
  year={2017},
  organization={Springer}
}

@inproceedings{donze2010breach,
  title={Breach, a toolbox for verification and parameter synthesis of hybrid systems},
  author={Donz{\'e}, Alexandre},
  booktitle=cav,
  pages={167--170},
  year={2010},
  organization={Springer}
}

@inproceedings{zuliani2010bayesian,
  title={Bayesian statistical model checking with application to simulink/stateflow verification},
  author={Zuliani, Paolo and Platzer, Andr{\'e} and Clarke, Edmund M},
  booktitle=hscc,
  pages={243--252},
  year={2010}
}

@inproceedings{jenkins2018accident,
  title={Accident scenario generation with recurrent neural networks},
  author={Jenkins, Ian Rhys and Gee, Ludvig Oliver and Knauss, Alessia and Yin, Hang and Schroeder, Jan},
  booktitle=itsc,
  pages={3340--3345},
  year={2018},
  organization={IEEE}
}

@inproceedings{kocsis2006bandit,
  title={Bandit based {M}onte-{C}arlo planning},
  author={Kocsis, Levente and Szepesv{\'a}ri, Csaba},
  booktitle={European Conference on Machine Learning (ECML)},
  pages={282--293},
  year={2006},
  organization={Springer}
}

@TECHREPORT{lavalle1998rapidly,
    author = {Steven M. Lavalle},
    title = {Rapidly-Exploring Random Trees: A New Tool for Path Planning},
    institution = {},
    year = {1998}
}

@incollection{esposito2004adaptive,
  title={Adaptive {RRT}s for validating hybrid robotic control systems},
  author={Esposito, Joel M and Kim, Jongwoo and Kumar, Vijay},
  booktitle={Algorithmic Foundations of Robotics VI},
  pages={107--121},
  year={2004},
  publisher={Springer}
}

@article{branicky2006sampling,
  title={Sampling-based planning, control and verification of hybrid systems},
  author={Branicky, Michael S and Curtiss, Michael M and Levine, Joshua and Morgan, Stuart},
  journal={IEEE Proceedings - Control Theory and Applications},
  volume={153},
  number={5},
  pages={575--590},
  year={2006},
  publisher={IET}
}

@InProceedings{Nahhal2007Test,
author="Nahhal, Tarik
and Dang, Thao",
editor="Damm, Werner
and Hermanns, Holger",
title="Test Coverage for Continuous and Hybrid Systems",
booktitle="Computer Aided Verification",
year="2007",
publisher="Springer Berlin Heidelberg",
address="Berlin, Heidelberg",
pages="449--462",
isbn="978-3-540-73368-3"
}

@inproceedings{dang2008sensitive,
  title={Sensitive state-space exploration},
  author={Dang, Thao and Donz{\'e}, Alexandre and Maler, Oded and Shalev, Noa},
  booktitle=cdc,
  pages={4049--4054},
  year={2008},
  organization={IEEE}
}

@article{karaman2011sampling,
  title={Sampling-based algorithms for optimal motion planning},
  author={Karaman, Sertac and Frazzoli, Emilio},
  journal={The International Journal of Robotics Research},
  volume={30},
  number={7},
  pages={846--894},
  year={2011},
  publisher={Sage Publications Sage UK: London, England}
}

@article{thiemard2001algorithm,
  title={An algorithm to compute bounds for the star discrepancy},
  author={Thi{\'e}mard, Eric},
  journal={Journal of Complexity},
  volume={17},
  number={4},
  pages={850--880},
  year={2001},
  publisher={Elsevier}
}

@techreport{kim2005rrt,
  title={An {RRT}-based algorithm for testing and validating multi-robot controllers},
  author={Kim, Jongwoo and Esposito, Joel M and Kumar, Vijay},
  year={2005},
  institution={Moore School of Electrical Engineering GRASP Lab}
}

@inproceedings{dreossi2015efficient,
  title={Efficient guiding strategies for testing of temporal properties of hybrid systems},
  author={Dreossi, Tommaso and Dang, Thao and Donz{\'e}, Alexandre and Kapinski, James and Jin, Xiaoqing and Deshmukh, Jyotirmoy V},
  booktitle=nfm,
  pages={127--142},
  year={2015},
  organization={Springer}
}

@inproceedings{okelly2018scalable,
  title={Scalable end-to-end autonomous vehicle testing via rare-event simulation},
  author={O'Kelly, Matthew and Sinha, Aman and Namkoong, Hongseok and Tedrake, Russ and Duchi, John C},
  booktitle=nips,
  pages={9827--9838},
  year={2018}
}

@article{agha2018survey,
  title={A Survey of Statistical Model Checking},
  author={Agha, Gul and Palmskog, Karl},
  journal={ACM Transactions on Modeling and Computer Simulation (TOMACS)},
  volume={28},
  number={1},
  pages={1--39},
  year={2018},
  publisher={ACM New York, NY, USA}
}

@article{zhao2003generating,
  title={Generating test inputs for embedded control systems},
  author={Zhao, Qianchuan and Krogh, Bruce H and Hubbard, Paul},
  journal={IEEE Control Systems Magazine},
  volume={23},
  number={4},
  pages={49--57},
  year={2003},
  publisher={IEEE}
}

@article{norden2019efficient,
  title={Efficient Black-box Assessment of Autonomous Vehicle Safety},
  author={Norden, Justin and O'Kelly, Matthew and Sinha, Aman},
  journal=arxiv,
  number={1912.03618},
  year={2019}
}

@article{uesato2018rigorous,
  title={Rigorous agent evaluation: An adversarial approach to uncover catastrophic failures},
  author={Uesato, Jonathan and Kumar, Ananya and Szepesvari, Csaba and Erez, Tom and Ruderman, Avraham and Anderson, Keith and Heess, Nicolas and Kohli, Pushmeet and others},
  journal=arxiv,
  number={1812.01647},
  year={2018}
}

@inproceedings{zou2014safety,
  title={Safety validation of sense and avoid algorithms using simulation and evolutionary search},
  author={Zou, Xueyi and Alexander, Rob and McDermid, John},
  booktitle={International Conference on Computer Safety, Reliability, and Security (SafeComp)},
  pages={33--48},
  year={2014},
  organization={Springer}
}

@article{kuutti2020training,
  title={Training Adversarial Agents to Exploit Weaknesses in Deep Control Policies},
  author={Kuutti, Sampo and Fallah, Saber and Bowden, Richard},
  journal=arxiv,
  number={2002.12078},
  year={2020}
}

@inproceedings{huang2018versatile,
  title={A versatile approach to evaluating and testing automated vehicles based on kernel methods},
  author={Huang, Zhiyuan and Guo, Yaohui and Arief, Mansur and Lam, Henry and Zhao, Ding},
  booktitle=acc,
  pages={4796--4802},
  year={2018},
  organization={IEEE}
}

@inproceedings{katz2017reluplex,
  title={Reluplex: An efficient SMT solver for verifying deep neural networks},
  author={Katz, Guy and Barrett, Clark and Dill, David L and Julian, Kyle and Kochenderfer, Mykel J},
  booktitle=cav,
  pages={97--117},
  year={2017},
  organization={Springer}
}

@article{zhao2016accelerated,
  title={Accelerated evaluation of automated vehicles safety in lane-change scenarios based on importance sampling techniques},
  author={Zhao, Ding and Lam, Henry and Peng, Huei and Bao, Shan and LeBlanc, David J and Nobukawa, Kazutoshi and Pan, Christopher S},
  journal={IEEE Transactions on Intelligent Transportation Systems},
  volume={18},
  number={3},
  pages={595--607},
  year={2016},
  publisher={IEEE}
}

@article{kahn1951estimation,
  title={Estimation of particle transmission by random sampling},
  author={Kahn, Herman and Harris, Theodore E},
  journal={National Bureau of Standards Applied Mathematics Series},
  volume={12},
  pages={27--30},
  year={1951}
}

@article{botev2008efficient,
  title={An efficient algorithm for rare-event probability estimation, combinatorial optimization, and counting},
  author={Botev, Zdravko I and Kroese, Dirk P},
  journal={Methodology and Computing in Applied Probability},
  volume={10},
  number={4},
  pages={471--505},
  year={2008},
  publisher={Springer}
}

@article{cerou2007adaptive,
  title={Adaptive multilevel splitting for rare event analysis},
  author={C{\'e}rou, Fr{\'e}d{\'e}ric and Guyader, Arnaud},
  journal={Stochastic Analysis and Applications},
  volume={25},
  number={2},
  pages={417--443},
  year={2007},
  publisher={Taylor \& Francis}
}

@article{sadowsky1990large,
  title={On large deviations theory and asymptotically efficient {M}onte {C}arlo estimation},
  author={Sadowsky, John S and Bucklew, James A},
  journal={IEEE Transactions on Information Theory},
  volume={36},
  number={3},
  pages={579--588},
  year={1990},
  publisher={IEEE}
}

@article{huang2017accelerated,
  title={Accelerated evaluation of automated vehicles using piecewise mixture models},
  author={Huang, Zhiyuan and Lam, Henry and LeBlanc, David J and Zhao, Ding},
  journal={IEEE Transactions on Intelligent Transportation Systems},
  volume={19},
  number={9},
  pages={2845--2855},
  year={2017},
  publisher={IEEE}
}

@article{de2005tutorial,
  title={A tutorial on the cross-entropy method},
  author={De Boer, Pieter-Tjerk and Kroese, Dirk P and Mannor, Shie and Rubinstein, Reuven Y},
  journal={Annals of Operations Research},
  volume={134},
  number={1},
  pages={19--67},
  year={2005},
  publisher={Springer}
}

@book{rubinstein2013cross,
  title={The Cross-Entropy Method: A Unified Approach to Combinatorial Optimization, {M}onte {C}arlo Simulation and Machine Learning},
  author={Rubinstein, Reuven Y and Kroese, Dirk P},
  year={2013},
  publisher={Springer Science \& Business Media}
}

@article{kim2016improving,
  title={Improving aircraft collision risk estimation using the cross-entropy method},
  author={Kim, Youngjun and Kochenderfer, Mykel J},
  journal={Journal of Air Transportation},
  volume={24},
  number={2},
  pages={55--62},
  year={2016},
  publisher={American Institute of Aeronautics and Astronautics}
}

@article{lee2015adaptive,
  title={Adaptive stress testing of airborne collision avoidance systems},
  author={Lee, Ritchie and Kochenderfer, Mykel J and Mengshoel, Ole J and Brat, Guillaume P and Owen, Michael P},
  journal=dasc,
  year={2015},
}

@article{abbas2013probabilistic,
  title={Probabilistic temporal logic falsification of cyber-physical systems},
  author={Abbas, Houssam and Fainekos, Georgios and Sankaranarayanan, Sriram and Ivan{\v{c}}i{\'c}, Franjo and Gupta, Aarti},
  journal={ACM Transactions on Embedded Computing Systems (TECS)},
  volume={12},
  number={2s},
  pages={1--30},
  year={2013},
  publisher={ACM New York, NY, USA}
}

@article{behzadan2019adversarial,
  title={Adversarial reinforcement learning framework for benchmarking collision avoidance mechanisms in autonomous vehicles},
  author={Behzadan, Vahid and Munir, Arslan},
  journal={IEEE Intelligent Transportation Systems Magazine},
  year={2019},
  publisher={IEEE}
}

@inproceedings{koren2018adaptive,
  title={Adaptive stress testing for autonomous vehicles},
  author={Koren, Mark and Alsaif, Saud and Lee, Ritchie and Kochenderfer, Mykel J},
  booktitle=iv,
  pages={1--7},
  year={2018},
  organization={IEEE}
}

@inproceedings{koren2019efficient,
  title={Efficient autonomy validation in simulation with adaptive stress testing},
  author={Koren, Mark and Kochenderfer, Mykel J},
  booktitle=itsc,
  pages={4178--4183},
  year={2019},
  organization={IEEE}
}

@inproceedings{corso2019adaptive,
  title={Adaptive Stress Testing with Reward Augmentation for Autonomous Vehicle Validation},
  author={Corso, Anthony and Du, Peter and Driggs-Campbell, Katherine and Kochenderfer, Mykel J},
  booktitle=itsc,
  pages={163--168},
  year={2019},
  organization={IEEE}
}

@book{baier2008principles,
  title={Principles of Model Checking},
  author={Baier, Christel and Katoen, Joost-Pieter},
  year={2008},
  publisher={MIT Press}
}

@book{kochenderfer2019algorithms,
  title={Algorithms for Optimization},
  author={Kochenderfer, Mykel J and Wheeler, Tim A},
  year={2019},
  publisher={MIT Press}
}

@article{corso2020scalable,
  title={Scalable Autonomous Vehicle Safety Validation through Dynamic Programming and Scene Decomposition},
  author={Corso, Anthony and Lee, Ritchie and Kochenderfer, Mykel J},
  journal=arxiv,
  number={2004.06801}
}

@article{corso2020interpretable,
  title={Interpretable Safety Validation for Autonomous Vehicles},
  author={Corso, Anthony and Kochenderfer, Mykel J},
  journal=arxiv,
  number={2004.06805},
  year={2020}
}

@article{koren2020adaptive,
  title={Adaptive Stress Testing without Domain Heuristics using Go-Explore},
  author={Koren, Mark and Kochenderfer, Mykel J},
  journal=arxiv,
  number={2004.04292},
  year={2020}
}

@article{hahn1972sample,
  title={Sample sizes for {M}onte {C}arlo simulation},
  author={Hahn, GJ},
  year={1972},
  journal={IEEE Transactions on Systems, Man, and Cybernetics},
}

@book{Clarke2018,
  author= {Edmund M. Clarke and Thomas A. Henzinger and Helmut Veith and Roderick Bloem},
  title={Handbook of Model Checking},
  publisher = {Springer},
  year= {2018}
}

@article{Mnih2013,
  title={Playing {A}tari with deep reinforcement learning},
  author={Mnih, Volodymyr and Kavukcuoglu, Koray and Silver, David and Graves, Alex and Antonoglou, Ioannis and Wierstra, Daan and Riedmiller, Martin},
  journal=arxiv,
  number={1312.5602},
  Year= {2013}
}

@Article{Silver2017,
  title={Mastering the Game of {G}o without Human Knowledge},
  author={Silver, David and Schrittwieser, Julian and Simonyan, Karen and Antonoglou, Ioannis and Huang, Aja and Guez, Arthur and Hubert, Thomas and Baker, Lucas and Lai, Matthew and Bolton, Adrian and others},
  journal={Nature},
  volume={550},
  number={7676},
  pages={354},
  year={2017},
  publisher={Nature Publishing Group}
}

@Article{Silver2016,
  title={Mastering the Game of {G}o with Deep Neural Networks and Tree Search},
  author={Silver, David and Huang, Aja and Maddison, Chris J and Guez, Arthur and Sifre, Laurent and Van Den Driessche, George and Schrittwieser, Julian and Antonoglou, Ioannis and Panneershelvam, Veda and Lanctot, Marc and others},
  journal={Nature},
  volume={529},
  number={7587},
  pages={484--489},
  year={2016},
  publisher={Nature Research}
}

@Book{dmubook,
  author    = {Mykel J. Kochenderfer},
  title     = {Decision Making Under Uncertainty: Theory and Application},
  year      = {2015},
  publisher = {MIT Press},
}

@inproceedings{He2017,
  title={Mask {R-CNN}},
  author={He, Kaiming and Gkioxari, Georgia and Doll{\'a}r, Piotr and Girshick, Ross},
  booktitle={International Conference on Computer Vision (ICCV)},
  organization={IEEE},
  pages={2961--2969},
  year={2017}
}

@inproceedings{Higgins2017,
  title={Beta-{VAE}: Learning Basic Visual Concepts with a Constrained Variational Framework},
  author={Higgins, Irina and Matthey, Loic and Pal, Arka and Burgess, Christopher and Glorot, Xavier and Botvinick, Matthew and Mohamed, Shakir and Lerchner, Alexander},
  booktitle=iclr,
  volume={3},
  year={2017}
}

@Article{Kochenderfer2012next,
  author    = {Kochenderfer, Mykel J and Holland, Jessica E and Chryssanthacopoulos, James P},
  title     = {Next-Generation Airborne Collision Avoidance System},
  year      = {2012},
  volume    = {19},
  number    = {1},
  pages     = {17--33},
  journal   = {Lincoln Laboratory Journal},
  publisher = {{MIT} {L}incoln {L}aboratory},
}

@Article{LeCun2015,
  author    = {LeCun, Yann and Bengio, Yoshua and Hinton, Geoffrey},
  title     = {Deep Learning},
  year      = {2015},
  volume    = {521},
  number    = {7553},
  pages     = {436--444},
  journal   = {Nature},
  publisher = {Nature Research},
}

@Book{Bishop2007,
  Title={Pattern Recognition and Machine Learning},
  Author={Christopher M. Bishop},
  Publisher={Springer},
  Year={2006},
  Address={New York},
  ISBN={0387310738},
}

@Book{Russell2020,
  Title={Artificial Intelligence: A Modern Approach},
  Author={Stuart Russell and Peter Norvig},
  Publisher={Prentice Hall},
  Year={2020},
  Edition= {4}
}

@book{Sutton2018,
  title={Reinforcement Learning: An Introduction},
  author={Sutton, Richard S and Barto, Andrew G},
  year={2018},
  publisher={MIT {P}ress}
}

@inproceedings{Pillai2019,
  title={Superdepth: Self-Supervised, Super-Resolved Monocular Depth Estimation},
  author={Pillai, Sudeep and Ambru{\c{s}}, Rare{\c{s}} and Gaidon, Adrien},
  booktitle=icra,
  pages={9250--9256},
  year={2019},
  organization={IEEE}
}

@article{Vinyals2019,
  title={Grandmaster Level in StarCraft II using Multi-Agent Reinforcement Learning},
  author={Vinyals, Oriol and Babuschkin, Igor and Czarnecki, Wojciech M and Mathieu, Micha{\"e}l and Dudzik, Andrew and Chung, Junyoung and Choi, David H and Powell, Richard and Ewalds, Timo and Georgiev, Petko and others},
  journal={Nature},
  volume={575},
  number={7782},
  pages={350--354},
  year={2019},
  publisher={Nature Publishing Group}
}


@techreport{reactis2013,
    title={{Testing and Validation of Simulink Models with Reactis}},
    institution={Reactive Systems Inc.},
    number={RSITR 1.11},
    month={10},
    year=2013
}

@techreport{reactis2011,
    title={{Finding Bugs in C Programs with Reactis for C}},
    institution={Reactive Systems Inc.},
    number={RSITR 2.5},
    month={8},
    year=2011
}

@inproceedings{Platzer2008,
  title={{KeYmaera}: A Hybrid Theorem Prover for Hybrid Systems (System Description)},
  author={Platzer, Andr{\'e} and Quesel, Jan-David},
  booktitle={International Joint Conference on Automated Reasoning (IJCAR)},
  pages={171--178},
  year={2008},
  organization={Springer}
}

@book{Fitting2012,
  title={First-Order Logic and Automated Theorem Proving},
  author={Fitting, Melvin},
  year={2012},
  publisher={Springer Science \& Business Media}
}

@book{Schumann2001,
  title={Automated Theorem Proving in Software Engineering},
  author={Schumann, Johann M},
  year={2001},
  publisher={Springer Science \& Business Media}
}

@inproceedings{Katoen2016,
  title={The Probabilistic Model Checking Landscape},
  author={Katoen, Joost-Pieter},
  booktitle={ACM/IEEE Symposium on Logic in Computer Science (LICS)},
  pages={31--45},
  year={2016},
  organization={ACM}
}

@inproceedings{leitner2008simulink,
  title={Simulink Design Verifier vs. SPIN: a comparative case study},
  author={Leitner-Fischer, Florian and Leue, Stefan},
  year={2008},
  booktitle={International Conference on Formal Methods for Industrial Critical Systems (FMICS)}
}

@inproceedings{Lee2019a,
    author={Lee, Ritchie and Mengshoel, Ole J. and Agogino, Adrian K. and Giannakopoulou, Dimitra and Kochenderfer, Mykel J.},
    title={Adaptive Stress Testing of Trajectory Planning Systems},
    booktitle=aiaa_is,
    year={2019},
    organization={aiaa},
}

@techreport{DOT2018preparing,
title = {Automated Vehicles 3.0: Preparing for the Future of Transportation},
institution={{U.S.} {D}epartment of {T}ransportation},
year = {2018}
}

@techreport{FAA2019forecast,
title = {{FAA} Aerospace Forecast Fiscal Years 2020--2040},
institution={{F}ederal {A}viation {A}dministration},
year = {2019}
}

@inproceedings{annapureddy2011staliro,
  title={{S-TaLiRo: A Tool for Temporal Logic Falsification for Hybrid Systems}},
  author={Annapureddy, Yashwanth and Liu, Che and Fainekos, Georgios and Sankaranarayanan, Sriram},
  booktitle=tacas,
  pages={254--257},
  year={2011},
  organization={Springer}
}

@article{ecoffet2019go,
  title={Go-explore: a new approach for hard-exploration problems},
  author={Ecoffet, Adrien and Huizinga, Joost and Lehman, Joel and Stanley, Kenneth O and Clune, Jeff},
  journal=arxiv,
  number={1901.10995},
  year={2019}
}

@article{salimans2018learning,
  title={Learning {M}ontezuma's {R}evenge from a Single Demonstration},
  author={Salimans, Tim and Chen, Richard},
  journal=arxiv,
  number={1812.03381},
  year={2018}
}

@article{brockman2016openai,
  title={Open{AI} gym},
  author={Brockman, Greg and Cheung, Vicki and Pettersson, Ludwig and Schneider, Jonas and Schulman, John and Tang, Jie and Zaremba, Wojciech},
  journal=arxiv,
  number={1606.01540},
  year={2016}
}

@article{bezanson2017julia,
  title={Julia: A fresh approach to numerical computing},
  author={Bezanson, Jeff and Edelman, Alan and Karpinski, Stefan and Shah, Viral B},
  journal={SIAM Review},
  volume={59},
  number={1},
  pages={65--98},
  year={2017},
  publisher={SIAM}
}

@article{yeh2018autonomous,
  title={Autonomous Systems and the Challenges in Verification, Validation, and Test},
  author={Yeh, David},
  journal={IEEE Design \& Test},
  volume={35},
  number={3},
  pages={89--97},
  year={2018},
  publisher={IEEE}
}

@inproceedings{junghanns2008tatar,
  title={Tatar: Testweaver-a tool for simulation-based test of mechatronic designs},
  author={Junghanns, Andreas and Mauss, Jakob and Tatar, Mugur},
  booktitle={International Modelica Conference},
  year={2008},
  organization={Citeseer}
}

@inproceedings{jin2014powertrain,
  title={Powertrain control verification benchmark},
  author={Jin, Xiaoqing and Deshmukh, Jyotirmoy V and Kapinski, James and Ueda, Koichi and Butts, Ken},
  booktitle=hscc,
  pages={253--262},
  year={2014}
}

@inproceedings{schuler2016hybrid,
  title={Hybrid modelling of a wind turbine (benchmark proposal)},
  author={Schuler, Simone and Adegas, Fabiano Daher and Anta, Adolfo},
  booktitle = {International Workshop on Applied Verification for Continuous and Hybrid Systems (ARCH)},
  editor    = {Goran Frehse and Matthias Althoff},
  series    = {{EPiC} Series in Computing},
  volume    = {43},
  pages     = {18--26},
  year      = {2017},
}

@article{koren2020formulation,
  title={The Adaptive Stress Testing Formulation},
  author={Koren, Mark and Corso, Anthony and Kochenderfer, Mykel J},
  journal=arxiv,
  number={2004.04293},
  year={2020}
}
  
@inproceedings{fehnker2004benchmarks,
title={Benchmarks for hybrid systems verification},
author={Fehnker, Ansgar and Ivan{\v{c}}i{\'c}, Franjo},
booktitle={International Workshop on Hybrid Systems: Computation and Control (HSCC)},
pages={326--341},
year={2004},
organization={Springer}
}

@inproceedings{hu2000towards,
  title={Towards a theory of stochastic hybrid systems},
  author={Hu, Jianghai and Lygeros, John and Sastry, Shankar},
  booktitle={International Workshop on Hybrid Systems: Computation and Control (HSCC)},
  pages={160--173},
  year={2000},
  organization={Springer}
}

@article{balkan2017underminer,
  title={Underminer: A framework for automatically identifying nonconverging behaviors in black-box system models},
  author={Balkan, Ayca and Tabuada, Paulo and Deshmukh, Jyotirmoy V and Jin, Xiaoqing and Kapinski, James},
  journal={ACM Transactions on Embedded Computing Systems (TECS)},
  volume={17},
  number={1},
  pages={1--28},
  year={2017},
  publisher={ACM New York, NY, USA}
}

@InProceedings{pnueli1977temporal,
  Title                    = {The temporal logic of programs},
  Author                   = {Pnueli, Amir},
  Booktitle                = {Foundations of Computer Science, 1977},
  Year                     = {1977},
  Organization             = {IEEE},
  Pages                    = {46--57},
}

@article{kapinski2016simulation,
  author={J. {Kapinski} and J. V. {Deshmukh} and X. {Jin} and H. {Ito} and K. {Butts}},
  journal={IEEE Control Systems Magazine}, 
  title={Simulation-Based Approaches for Verification of Embedded Control Systems: An Overview of Traditional and Advanced Modeling, Testing, and Verification Techniques}, 
  year={2016},
  volume={36},
  number={6},
  pages={45-64},}
  
@article{koymans1990specifying,
  title={Specifying real-time properties with metric temporal logic},
  author={Koymans, Ron},
  journal={Real-Time Systems},
  volume={2},
  pages={255--299},
  year={1990}
}

@inproceedings{clarke1981design,
  title={Design and synthesis of synchronization skeletons using branching time temporal logic},
  author={Clarke, Edmund M and Emerson, E Allen},
  booktitle={Workshop on Logic of Programs},
  pages={52--71},
  year={1981},
  organization={Springer}
}


@inproceedings{abbas2017relaxed,
  title={Relaxed decidability and the robust semantics of metric temporal logic},
  author={Abbas, Houssam and O'Kelly, Matthew and Mangharam, Rahul},
  booktitle={Proceedings of the 20th International Conference on Hybrid Systems: Computation and Control},
  pages={217--225},
  year={2017}
}

@inproceedings{kress2008automatically,
  title={Automatically synthesizing a planning and control subsystem for the DARPA Urban Challenge},
  author={Kress-Gazit, Hadas and Pappas, George J},
  booktitle={International Conference on Automation Science and Engineering (CASE)},
  pages={766--771},
  year={2008},
  organization={IEEE},
  publisher = {IEEE Computer Society},
}

@article{hekmatnejad2020search,
  title={Search-based Test-Case Generation by Monitoring Responsibility Safety Rules},
  author={Hekmatnejad, Mohammad and Hoxha, Bardh and Fainekos, Georgios},
  journal={arXiv preprint arXiv:2005.00326},
  year={2020}
}

@inproceedings{lee2018interpretable,
  title={Interpretable categorization of heterogeneous time series data},
  author={Lee, Ritchie and Kochenderfer, Mykel J and Mengshoel, Ole J and Silbermann, Joshua},
  booktitle={Proceedings of the 2018 SIAM International Conference on Data Mining},
  pages={216--224},
  year={2018},
  organization={SIAM}
}

@misc{lee2018adaptive,
    title={Adaptive Stress Testing: Finding Likely Failure Events with Reinforcement Learning},
    author={Ritchie Lee and Ole J. Mengshoel and Anshu Saksena and Ryan Gardner and Daniel Genin and Joshua Silbermann and Michael Owen and Mykel J. Kochenderfer},
    year={2018},
    eprint={1811.02188},
    archivePrefix={arXiv},
}

@misc{corso2020survey,
    title={A Survey of Algorithms for Black-Box Safety Validation},
    author={Anthony Corso and Robert J. Moss and Mark Koren and Ritchie Lee and Mykel J. Kochenderfer},
    year={2020},
    eprint={2005.02979},
    archivePrefix={arXiv}
}

@article{huang2005sampling,
  title={Sampling for {Bayesian} computation with large datasets},
  author={Huang, Zaijing and Gelman, Andrew},
  journal={Available at SSRN 1010107},
  year={2005}
}


@article{ferrari2013handling,
  title={Handling large datasets of hyperspectral images: Reducing data size without loss of useful information},
  author={Ferrari, Carlotta and Foca, Giorgia and Ulrici, Alessandro},
  journal={Analytica chimica acta},
  volume={802},
  pages={29--39},
  year={2013},
  publisher={Elsevier}
}


@inproceedings{chatzilygeroudis2017black,
  title={Black-box data-efficient policy search for robotics},
  author={Chatzilygeroudis, Konstantinos and Rama, Roberto and Kaushik, Rituraj and Goepp, Dorian and Vassiliades, Vassilis and Mouret, Jean-Baptiste},
  booktitle={IEEE/RSJ International Conference on Intelligent Robots and Systems (IROS)},
  pages={51--58},
  year={2017},
  organization={IEEE}
}

@article{wehrens2004model,
  title={Model-based clustering for image segmentation and large datasets via sampling},
  author={Wehrens, Ron and Buydens, Lutgarde MC and Fraley, Chris and Raftery, Adrian E},
  journal={Journal of Classification},
  volume={21},
  number={2},
  pages={231--253},
  year={2004},
  publisher={Springer}
}

@article{ganin2016domain,
  title={Domain-Adversarial Training of Neural Networks},
  author={Ganin, Yaroslav and Ustinova, Evgeniya and Ajakan, Hana and Germain, Pascal and Larochelle, Hugo and Laviolette, Fran{\c{c}}ois and Marchand, Mario and Lempitsky, Victor},
  journal={The Journal of Machine Learning Research},
  volume={17},
  number={1},
  pages={2096--2030},
  year={2016},
  publisher={JMLR. org}
}

@inproceedings{hinton1994autoencoders,
  title={Autoencoders, minimum description length and Helmholtz free energy},
  author={Hinton, Geoffrey E and Zemel, Richard S},
  booktitle={Advances in neural information processing systems},
  pages={3--10},
  year={1994}
}

@article{lecun2010mnist,
  title={{MNIST} handwritten digit database},
  author={LeCun, Yann and Cortes, Corinna and Burges, CJ},
  journal={ATT Labs [Online]. Available: http://yann.lecun.com/exdb/mnist},
  volume={2},
  year={2010}
}

@inproceedings{srivastava2015unsupervised,
  title={Unsupervised learning of video representations using lstms},
  author={Srivastava, Nitish and Mansimov, Elman and Salakhudinov, Ruslan},
  booktitle={International conference on machine learning},
  pages={843--852},
  year={2015}
}


@article{cohen2017emnist,
  author    = {Gregory Cohen and
               Saeed Afshar and
               Jonathan Tapson and
               Andr{\'{e}} van Schaik},
  title     = {{EMNIST:} an extension of {MNIST} to handwritten letters},
  journal   = {CoRR},
  volume    = {abs/1702.05373},
  year      = {2017},
  archivePrefix = {arXiv},
  eprint    = {1702.05373},
  timestamp = {Mon, 13 Aug 2018 16:48:00 +0200},
  biburl    = {https://dblp.org/rec/journals/corr/CohenATS17.bib},
  bibsource = {dblp computer science bibliography, https://dblp.org}
}


@article{treiber2000idm,
   title={Congested traffic states in empirical observations and microscopic simulations},
   volume={62},
   ISSN={1095-3787},
   url={http://dx.doi.org/10.1103/PhysRevE.62.1805},
   DOI={10.1103/physreve.62.1805},
   number={2},
   journal={Physical Review E},
   publisher={American Physical Society (APS)},
   author={Treiber, Martin and Hennecke, Ansgar and Helbing, Dirk},
   year={2000},
   month={Aug},
   pages={1805–1824}
}

@misc{sun2019scalability,
  title={Scalability in Perception for Autonomous Driving: Waymo Open Dataset},
  author={Pei Sun and Henrik Kretzschmar and Xerxes Dotiwalla and Aurelien Chouard and Vijaysai Patnaik and Paul Tsui and James Guo and Yin Zhou and Yuning Chai and Benjamin Caine and Vijay Vasudevan and Wei Han and Jiquan Ngiam and Hang Zhao and Aleksei Timofeev and Scott Ettinger and Maxim Krivokon and Amy Gao and Aditya Joshi and Yu Zhang and Jonathon Shlens and Zhifeng Chen and Dragomir Anguelov},
  year={2019},
  eprint={1912.04838},
  archivePrefix={arXiv},
  primaryClass={cs.CV}
}

@misc{lyft2020, title = {One Thousand and One Hours: Self-driving Motion Prediction Dataset}, author = {Houston, J. and Zuidhof, G. and Bergamini, L. and Ye, Y. and Jain, A. and Omari, S. and Iglovikov, V. and Ondruska, P.}, year = {2020}, howpublished = {\url{https://level5.lyft.com/dataset/}} }

@article{patraucean2015spatio,
  title={Spatio-Temporal Video Autoencoder with Differentiable Memory},
  author={Patraucean, Viorica and Handa, Ankur and Cipolla, Roberto},
  journal={arXiv:1511.06309},
  year={2015}
}

@article{salzmann2020trajectron++,
  title={Trajectron++: Dynamically-Feasible Trajectory Forecasting With Heterogeneous Data},
  author={Salzmann, Tim and Ivanovic, Boris and Chakravarty, Punarjay and Pavone, Marco},
  journal={arXiv:2001.03093},
  year={2020}
}

@mastersthesis{Krizhevsky09learningmultiple,
    author = {Alex Krizhevsky},
    title = {Learning multiple layers of features from tiny images},
    school = {University of Toronto},
    year = {2009}
}

@article{Flux.jl-2018,
  author    = {Michael Innes and
               Elliot Saba and
               Keno Fischer and
               Dhairya Gandhi and
               Marco Concetto Rudilosso and
               Neethu Mariya Joy and
               Tejan Karmali and
               Avik Pal and
               Viral Shah},
  title     = {Fashionable Modelling with {Flux}},
  journal   = {CoRR},
  volume    = {abs/1811.01457},
  year      = {2018},
  archivePrefix = {arXiv},
  eprint    = {1811.01457},
  timestamp = {Thu, 22 Nov 2018 17:58:30 +0100},
  biburl    = {https://dblp.org/rec/bib/journals/corr/abs-1811-01457},
  bibsource = {dblp computer science bibliography, https://dblp.org}
}

@article{moss2020adaptive,
      title={Adaptive Stress Testing of Trajectory Predictions in Flight Management Systems}, 
      author={Robert J. Moss and Ritchie Lee and Nicholas Visser and Joachim Hochwarth and James G. Lopez and Mykel J. Kochenderfer},
      year={2020},
      journal=dasc
}

@misc{kingma2017adam,
      title={Adam: A Method for Stochastic Optimization}, 
      author={Diederik P. Kingma and Jimmy Ba},
      year={2017},
      eprint={1412.6980},
      archivePrefix={arXiv},
      primaryClass={cs.LG}
}

@article{kramer1991nonlinear,
  title={Nonlinear principal component analysis using autoassociative neural networks},
  author={Kramer, Mark A},
  journal={AIChE journal},
  volume={37},
  number={2},
  pages={233--243},
  year={1991},
  publisher={Wiley Online Library}
}
